3072 5278
840 979 874 1080 l.

685 1189 1031 1271 Determinativa.

743 1521 965 1600 Nominalio.

397 1704 417 1782 ξ
439 1701 469 1765 4.
512 1699 699 1766 Secunde
719 1697 899 1763 membro
918 1695 1191 1760 substantiva
1212 1703 1319 1760 sunt.

603 1835 628 1895 1.
672 1831 723 1896 Ab
745 1829 911 1918 adjectivis
930 1827 1119 1914 incipient:

363 1957 550 2050 Αλνόπαρις
585 1937 625 2027 ex
658 1963 805 2046 analogia
837 1961 997 2026 Homerici
1029 1952 1203 2045 dionante
1223 1959 1426 2024 formatum:
1498 2029 1499 2036 γ

290 2072 370 2137 Ηοο.
404 2073 482 2138 945*
513 2059 685 2157 αἰνόπσριν
713 2061 852 2152 βοότανς
881 2106 924 2120 —·
954 2063 1195 2154 παλαιομάτωρ
1218 2089 1298 2155 quae
1320 2068 1427 2156 stirpis

290 2187 391 2246 mater
405 2189 453 2244 est
474 2201 482 2242 ε
504 2178 613 2266 Suppl.
625 2179 704 2243 628*
717 2182 778 2252 τᾶς
798 2164 1060 2260 παλαιομάτορος
1087 2165 1205 2261 πόριος
1225 2165 1368 2258 Ἰνάχους
1388 2213 1428 2223 -

290 2277 495 2373 εόθυδὴμων,
517 2286 601 2372 quod
623 2287 656 2349 in
677 2287 817 2372 Antiopa
838 2307 872 2348 se
894 2284 1007 2372 legisse
1029 2285 1119 2370 nobis
1139 2283 1321 2368 Hesychius
1342 2284 1428 2348 affir-

291 2403 356 2460 met
377 2418 384 2458 ε
407 2381 626 2478 ου’θυδήμσνα.
649 2383 936 2478 άπλοῦνδημότην.
973 2381 1152 2478 Εὐριπίδης
1173 2381 1328 2477 Ἀντιόπῃ
1351 2391 1428 2476 (frg.

289 2502 383 2585 228);
394 2511 535 2566 osterum
544 2499 707 2565 Neuekius
720 2500 839 2564 mavult
848 2489 1032 2584 εόθόδρμον
1044 2499 1155 2582 soribi3
1169 2535 1202 2546 -
1217 2492 1428 2586 αὐτανέψιος,

291 2609 540 2697 decompositum
580 2604 890 2695 (αὕτ-ά-νσπτιος)1)
902 2657 911 2690 ,
958 2609 1179 2690 commnione,
1223 2604 1308 2692 quod
1354 2607 1428 2671 sub-

292 2718 463 2782 stantivum
486 2727 532 2780 est
546 2716 672 2781 Heraol.
687 2718 764 2801 2113
789 2715 884 2780 Rhes.
896 2717 966 2780 944.
988 2715 1207 2802 Praepositum
1220 2723 1324 2779 eutem
1346 2709 1429 2779 αὕτ-

289 2825 376 2890 utin
398 2814 720 2912 nisiieiqtocffioph.
741 2825 876 2909 Anti),
897 2813 1148 2908 αὐτοκασιγνήτη
1162 2821 1297 2908 (Phoen.
1321 2823 1428 2908 136*)‚
1498 2889 1499 2896 γ

291 2923 483 3018 αότομήτωρ
504 2930 596 3016 (Sim.
620 2931 658 2995 de
679 2932 754 2995 mul.
779 2933 850 3018 12),
873 2931 1036 3014 similibus,
1059 2939 1156 3017 auget
1176 2939 1298 2994 tentum
1319 2939 1428 3016 poste-

289 3039 379 3104 rioris
391 3040 524 3109 membri
538 3039 819 3126 significationem
842 3077 880 3088 —
900 3033 1129 3127 μελάμβροτος
1142 3039 1202 3124 frg.
1219 3038 1278 3102 771
1301 3038 1335 3120 (ξ
1350 3039 1429 3121 λ5);

290 3185 330 3232 —7
352 3142 600 3232 περισσόμυθος
613 3148 673 3233 frg.
688 3148 729 3214 53
744 3148 777 3233 (ἓ
794 3148 869 3233 76);
890 3184 931 3198 ·-
951 3139 1110 3231 μονόπαις
1123 3147 1192 3212 Ale.
1207 3146 1286 3212 906*
1300 3147 1334 3230 (ξ
1350 3145 1428 3230 75);

295 3293 328 3304 -
350 3247 480 3321 νιόλαια
502 3257 569 3320 ΑΙο.
594 3257 654 3322 103
675 3260 710 3338 (ξ
732 3255 796 3340 λ2).

372 3387 432 3452 His
455 3387 515 3453 duo
538 3387 619 3452 eddo
631 3439 640 3472 ,
662 3411 797 3474 quorum
818 3390 914 3454 etiem
935 3388 1158 3475 praecedentia
1186 3386 1329 3453 membra
1350 3387 1427 3452 sub-

291 3495 428 3562 stantiva
468 3505 541 3561 sunt
574 3519 581 3560 :
613 3498 773 3581 χειρῶναξ
793 3520 801 3561 :
822 3497 882 3584 frg.
916 3497 978 3563 793
1007 3489 1048 3561 οὐ
1076 3495 1180 3559 τοῖνδε
1211 3484 1429 3581 χειρώνακτες

289 3597 463 3687 ἄνθρωποι
484 3594 602 3686 λόγων,·
623 3605 662 3668 ef.
685 3605 781 3691 Soph.
797 3605 858 3692 frg.
881 3605 943 3670 724
963 3609 1029 3679 πᾶς
1048 3599 1068 3668 o‘
1087 3603 1242 3690 χειρῶναξ
1262 3596 1364 3682 isui&
1386 3641 1428 3652 -—

291 3719 322 3776 et
342 3706 535 3795 ἀστυγείτων
559 3734 566 3775 :
586 3712 683 3799 Hipp.
707 3713 784 3778 1161
807 3713 842 3799 (ξ
864 3713 927 3797 λ6).

355 3919 384 3983 2.
426 3919 568 3984 Priorem
588 3919 790 4006 epitheton-nne
810 3921 912 3986 ioewn
926 3921 1180 4007 praepositiones
1201 3919 1337 3986 obtinent
1358 3944 1369 3985 .·

332 4051 364 4134 ο)
407 4041 498 4116 άντλ
520 4073 528 4114 :
551 4045 784 4138 άντλψαλμοςι
812 4052 844 4119 J.
876 4051 914 4116 T.
948 4053 1042 4137 179*;
1079 4042 1306 4140 ἀντιψάλμους
1335 4047 1427 4137 φ’δάς

406 4153 593 4240 ἐξαυδάσω,
622 4161 642 4222 i.
665 4182 691 4224 e.
715 4170 824 4226 cantus
845 4162 998 4246 emittam,
1031 4162 1084 4248 qui
1115 4172 1188 4226 sunt
1218 4156 1426 4249 α’ντλψαλμοι,

366 4485 385 4554 ¹)
403 4486 472 4537 Curt
491 4487 548 4538 (ir.⁴
564 4502 588 4553 p.
608 4490 665 4538 267.
