3030 5266
556 658 782 723 -127..

96 837 336 922 χαλκασπίδων
363 831 472 923 ligem
496 875 531 888 -
555 829 799 922 χαλκομβολός,
831 861 894 926 quo
924 861 988 903 non
1016 839 1107 904 aliter
1141 861 1237 927 qnam

96 947 229 1014 laudato
252 942 468 1028 romipltoioa
489 955 653 1012 externam
677 945 768 1010 navis
788 947 925 1033 speciem
948 955 1044 1033 atque
1063 948 1236 1034 imaginem

97 1057 200 1120 oeulis
230 1076 410 1142 proponere
448 1063 544 1142 poeta
575 1053 682 1118 studet
711 1053 744 1119 J.
774 1052 816 1116 A.
850 1053 948 1118 1319⁸
975 1045 1238 1136 χαλκεμβολύόος

97 1169 189 1238 νοῦς.
230 1161 349 1227 Fateor
376 1169 481 1226 autem
502 1161 643 1248 aliquem
664 1159 741 1226 illud
769 1160 846 1224 mihi
867 1161 1047 1248 scrupulum
1068 1160 1235 1248 injecisse3

95 1291 237 1357 nunqm
258 1268 351 1336 oste
369 1269 628 1356 compositionem
649 1277 775 1355 praeter
795 1268 923 1332 unicum
944 1266 1028 1332 Plut.
1072 1265 1183 1354 Symp.
1205 1270 1235 1350 2,

97 1379 126 1460 6,
153 1381 171 1442 l
201 1399 327 1464 semper
352 1370 493 1458 όμβολος
523 1377 589 1441 sive
620 1369 761 1457 ἔμβολον
791 1373 827 1438 fit
857 1375 1003 1456 obvium3
1038 1374 1102 1438 illio
1131 1374 1237 1440 antem

99 1477 241 1565 ἐμβολάς
270 1487 432 1550 notionem
460 1485 645 1572 propaginis
678 1483 780 1548 habet
833 1479 900 1548 Sed
935 1503 995 1568 per
1023 1504 1058 1548 se
1087 1483 1236 1569 quoniam

99 1603 272 1680 utrumqne
294 1593 383 1663 initio
415 1615 482 1658 rem
505 1591 679 1679 signifieat,
700 1590 928 1677 qualiscunque
950 1597 1008 1672 est,
1029 1599 1135 1677 aptam
1156 1612 1238 1677 quae

99 1699 131 1764 in
162 1701 293 1768 alteram
322 1701 489 1782 initietur,
521 1700 605 1765 unde
628 1709 661 1764 et
681 1699 868 1786 propaginis
890 1705 922 1762 et
942 1698 1034 1761 rostri
1055 1697 1142 1761 notio
1163 1697 1237 1762 oriri

98 1808 216 1892 potuit,
249 1818 346 1895 atque
368 1803 506 1889 όμβολος
527 1809 622 1872 etiam
642 1829 755 1878 revera
775 1807 984 1894 propaginem
1017 1805 1135 1870 indicat
1146 1809 1171 1890 ¹)
1193 1807 1237 1871 nii

101 1915 228 1980 obstare
250 1915 397 1992 videtur,
430 1919 508 2003 quin
538 1925 676 1980 rostrum
698 1937 825 2001 qnoque
846 1913 998 1978 feminino
1018 1905 1162 1994 ἐμβολάς
1182 1915 1237 1980 ali·

100 2021 228 2108 qnando
261 2022 459 2110 designatum
482 2045 552 2087 esse
574 2023 797 2086 existimemus.
850 2020 946 2098 Quod
976 2022 1003 2086 si
1044 2023 1095 2086 oui
1133 2023 1236 2087 minus

101 2129 241 2214 planat,
285 2133 316 2194 ei
356 2119 583 2212 χολιομβολός
610 2128 833 2217 explicandum
866 2130 926 2194 erit
967 2137 1002 2192 ut
1036 2121 1238 2213 λοοκολοφός

102 2241 137 2318 (ξ
158 2239 208 2315 38,
236 2239 299 2322 la).

183 2347 273 2426 550.
315 2344 376 2408 His
405 2343 574 2409 mannetis
604 2343 647 2408 ad
678 2365 787 2408 eorum
814 2365 865 2408 me
887 2352 1038 2408 converto
1068 2345 1182 2410 seriem
1204 2346 1236 2408 in

104 2451 215 2536 quibas
236 2451 428 2538 adjectivum
448 2451 618 2540 praecedit.
654 2455 705 2516 Ao
719 2453 857 2539 primum
879 2452 1008 2538 quidem
1029 2450 1161 2518 deorum
1174 2455 1236 2541 epi-

103 2558 189 2626 theta
207 2559 306 2627 habes
326 2559 413 2625 hisee
434 2561 511 2625 loeis
532 2584 540 2624 ε
562 2560 625 2646 frg.
646 2559 726 2625 462*
744 2552 978 2640 βαθύπλουσος
998 2552 1168 2646 Εἰρήνα’);
1198 2598 1233 2610 -

104 2663 220 2732 Phoen.
243 2668 321 2732 784*
352 2659 567 2749 πολύμοχθος
588 2667 717 2752 (maltos
738 2667 860 2732 labores
879 2668 1040 2753 effictam)
1056 2659 1174 2754 ’Ἀρηςς
1198 2707 1233 2720 -

103 2770 214 2862 Suppl.
241 2775 321 2840 835*
341 2769 365 2839 ό
384 2767 580 2851 πολύστονος
603 2775 731 2861 (multos
758 2777 891 2863 paruitas
912 2777 1068 2861 οποίτοοο)
1091 2770 1235 2862 Ἐρινύςς

104 2915 144 2928 --
164 2880 242 2945 Her.
276 2882 335 2946 fur.
357 2882 437 2949 880*
457 2878 479 2947 οἳ
500 2875 699 2958 πολύστονος
731 2883 827 2968 (fl)³)
858 2871 993 2966 Λύσσας
1016 2921 1051 2932 -
1077 2884 1134 2951 Or.
1157 2888 1237 2954 321*

101 2983 327 3074 μελάγχρωτες
347 2979 549 3072 Εύμενλόες;
572 3027 607 3040 ·-
631 2990 705 3056 Het
723 2991 803 3056 243³
822 2981 974 3069 ὠκύπους
992 2993 1057 3079 (H)
1067 2991 1095 3076 ⁴)
1113 2977 1232 3058 Μαιό-

103 3093 162 3171 όος
189 3086 298 3180 χόνοςς
321 3133 356 3145 -
387 3095 509 3162 Phoen.
545 3099 622 3163 191*
660 3096 954 3184 χρυσεοβόστρυχον
984 3091 1011 3163 ὦ
1038 3095 1120 3176 Διός
1147 3094 1238 3185 ἔρνος

95 3194 244 3288 'riparum
265 3241 306 3256 -
327 3202 384 3270 Or.
418 3205 516 3272 1ίὈ4*
547 3198 740 3286 μονόπωλον
769 3202 805 3282 ἐς
824 3210 904 3287 Ἀῶ,
932 3230 995 3295 quo
1024 3208 1160 3274 fortasse
1188 3218 1238 3273 est

103 3312 156 3396 qni
185 3314 287 3400 primo
318 3311 429 3377 obtutu
449 3311 644 3398 offendetnr3
675 3337 749 3380 nam
781 3314 905 3380 dnobus
925 3318 1031 3403 equis,
1059 3315 1185 3403 Lampo
1206 3325 1238 3380 et

103 3415 307 3501 Phtetbente
328 3419 455 3486 Aurora
468 3421 593 3486 vehitur
608 3420 693 3508 apud
716 3422 894 3488 Homerum
908 3426 961 3512 (ψ.
978 3424 1062 3506 146).
1085 3426 1237 3489 Attamen

102 3547 121 3588 a
133 3527 358 3614 posterioribus
372 3528 577 3615 scriptoribus
593 3530 782 3615 aliquotiens
790 3553 855 3596 uno
865 3553 959 3617 equo,
975 3531 1109 3618 Pegaso,
1121 3531 1237 3596 vehen-

103 3643 165 3698 tem
188 3633 249 3700 dioi
274 3634 366 3698 deam
385 3635 532 3702 Klotaiur
554 3659 605 3702 me
634 3639 765 3702 monuit.
787 3675 828 3686 -
855 3637 1007 3725 Adjango
1036 3633 1238 3724 ἑποόπορος,

103 3761 164 3826 qno
179 3741 249 3828 jam
269 3741 378 3830 hymn.
399 3742 496 3807 Hom.
513 3742 580 3808 VH
595 3744 613 3807 ἵ
628 3742 775 3809 Pleiades
791 3744 1029 3830 significantem
1051 3745 1126 3810 item
1144 3745 1237 3810 Euri·

103 3849 190 3935 pide·
221 3850 297 3915 dioit
330 3841 524 3938 ἑπταπόρου
554 3844 738 3928 Πελειάδος
758 3851 815 3918 Or.
840 3855 960 3938 1005*;
992 3852 1032 3918 ef.
1052 3854 1085 3922 J.
1118 3854 1158 3917 A,
1179 3853 1237 3936 7*;

171 4151 191 4219 ¹)
209 4153 269 4204 Ηοο
285 4169 326 4204 me
344 4151 446 4221 Papens
463 4154 540 4208 ἆσσον
556 4171 577 4208 s.
595 4173 621 4210 v.

167 4243 189 4312 ')
208 4247 249 4298 ad
267 4246 346 4314 hnjm
363 4263 467 4300 mnsam
484 4251 601 4302 nanterre
618 4251 681 4304 lieet
692 4252 770 4319 soph.
786 4254 829 4321 sj.
848 4258 896 4308 180
912 4261 938 4312 al
951 4276 1021 4323 τινος
1039 4259 1118 4312 πλέον
1135 4251 1151 4331 χ’
1169 4263 1237 4334 χειρὶ

103 4333 213 4406 βχλθις
228 4326 244 4405 ἢ
259 4333 362 4411 paparoni
377 4331 490 4392 πλούτου
506 4330 602 4411 pristas

168 4423 191 4490 ¹)
208 4429 240 4481 Δ.
259 4429 291 4478 ’18
304 4421 373 4502 'lpse
390 4421 457 4505 Usip’
475 4437 567 4506 ἔχαιρε
583 4429 751 4503 πολύστονος
766 4428 916 4508 νλσορόοσσ.

168 4517 191 4586 ⁴)
210 4519 286 4586 Δροᾶ
304 4521 447 4574 Homerum
465 4523 517 4576 hoo
533 4541 657 4592 qnorum
675 4527 759 4578 solam
777 4526 910 4594 epitheton
928 4534 973 4591 est
991 4534 1023 4580 nt
1040 4529 1069 4579 B.
1087 4531 1146 4582 888.
