3076 5294
747 623 886 688 -196
926 653 976 670 ·-·

287 794 457 885 μιύοματα
474 802 527 885 (of.
543 800 641 888 soph.
664 799 705 866 O.
719 801 759 866 R.
772 802 873 888 ῥῦσαι
897 800 935 868 δὲ
956 803 1021 867 πᾶν
1041 802 1172 882 μίασμα
1192 804 1253 868 τού
1273 799 1420 889 τεθνηκό-

288 912 366 995 τος).
407 909 598 974 Ineolentiue
618 909 712 974 etiem
734 909 851 974 dietum
867 918 916 974 eet
928 905 1089 996 α’ρχαγούς
1104 904 1189 992 εἶχον
1198 903 1295 994 τιμάς
1307 911 1421 977 Troed.

292 1018 367 1084 196*
388 1018 478 1082 δυσίν
498 1018 643 1100 ύουονοος
665 1040 739 1081 nam
755 1007 895 1102 δρχημύς
914 1019 1101 1106 plerumque
1123 1028 1172 1084 eet
1192 1021 1421 1084 substantivum

289 1125 361 1210 (sed
414 1127 453 1190 ef.
496 1129 516 1208 ξ
561 1127 624 1208 17).
688 1125 758 1189 Nee
798 1127 919 1190 minore
962 1126 1092 1191 audacie
1132 1128 1231 1192 verbe
1278 1151 1422 1214 pronun·

288 1235 406 1297 tientur
426 1232 503 1296 Her.
535 1229 743 1308 1ου992ώς
762 1227 848 1308 ἐντος
878 1228 954 1319 ε”οτη
985 1238 1065 1309 παῖς
1087 1233 1202 1320 λυγροῦ
1220 1227 1422 1315 τοξεύματος,

285 1333 509 1423 μυδροκτύπον
537 1337 667 1424 μίμημ’,
698 1335 782 1424 ὑπὲρ
815 1333 899 1427 κούρα
926 1336 1038 1420 βαλούν
1065 1333 1161 1421 ξύλον
1181 1345 1337 1429 καθῆκεν,
1370 1343 1423 1408 ubi

286 1440 510 1532 μυδροκτύπον
537 1448 666 1533 μίμημα
695 1458 744 1512 eet
771 1471 828 1534 pro
856 1443 1087 1535 μυδροκτύπον
1111 1445 1241 1534 μίμημα
1262 1451 1421 1537 totiusque

288 1557 441 1620 enuntiati
473 1556 704 1642 appositionem
727 1554 825 1618 efficit
845 1557 958 1640 (wobee'
975 1581 1009 1621 er
1037 1558 1124 1621 ούποο
1155 1557 1300 1622 Schmied
1329 1559 1423 1622 ποού-

289 1665 413 1748 attente).
438 1701 471 1712 -
496 1663 749 1746 Matrimonium,
772 1685 835 1749 quo
850 1665 920 1750 quie
937 1686 1006 1728 cum
1021 1664 1137 1728 herede
1159 1664 1224 1736 fitia
1239 1665 1422 1750 conjunctus

288 1781 343 1854 eet,
375 1771 551 1859 appelletur
582 1765 733 1855 ἔγνληρος
765 1759 837 1855 τύνὴ
858 1771 955 1858 Hipp.
980 1773 1057 1836 1011
1082 1793 1139 1859 pro
1161 1766 1318 1858 ἐγκλήρου
1339 1763 1421 1857 ου’νή.

287 1881 415 1943 Artiore
437 1877 574 1964 quodem
595 1878 721 1942 vinculo
744 1878 880 1964 copulati
902 1887 975 1942 sunt
994 1878 1053 1941 loci
1075 1902 1083 1941 :
1105 1879 1179 1944 Jon.
1201 1880 1280 1951 883*
1301 1870 1423 1964 α’μρού-

289 1986 355 2062 λοις
387 1987 533 2071 κέρασιν;
558 2023 592 2034 -
617 1985 725 2072 Hipp.¹
743 1986 805 2051 952
837 1983 878 2051 δι’
910 1979 1045 2076 α’ψύχου
1073 1988 1176 2071 βορᾶς
1189 1989 1232 2072 ¹);
1265 2026 1300 2035 —
1335 1986 1421 2074 Cycl.

288 2096 347 2159 247
372 2090 483 2169 δαιτύς
504 2085 670 2178 ὀρεοκόους
695 2131 729 2142 -
752 2093 829 2158 Her.
850 2095 911 2158 fur.
939 2097 1001 2161 543
1022 2088 1059 2160 τύ
1082 2087 1217 2174 Κάδμου
1237 2085 1422 2160 ἑπτάπυλον

286 2194 358 2282 ἔχει
384 2191 514 2287 κρύτοςς
539 2237 573 2249 -
597 2201 672 2267 Jon.
694 2201 773 2266 204*
800 2195 858 2264 τύν
878 2201 946 2286 πῦρ
979 2198 1138 2267 πνέουσαν
1158 2201 1280 2288 ἐναίρει
1300 2190 1417 2287 τρισύ-

286 2331 387 2388 ματον
415 2299 533 2392 δλκύν;
563 2332 636 2372 nam
656 2307 694 2372 in¹
711 2309 759 2372 his
781 2330 845 2372 non
868 2309 959 2373 aliter
979 2310 1123 2396 quidem,
1146 2331 1242 2396 quam
1263 2310 1295 2374 in
1319 2331 1422 2374 exem·

287 2419 348 2506 plis
364 2418 432 2504 jam
461 2426 555 2482 antee
583 2416 733 2499 laudetis,
764 2417 904 2502 epitheta
929 2418 1070 2504 ipserum
1091 2417 1248 2502 genetivie
1269 2417 1423 2481 vertenda

287 2535 376 2607 eunt,
408 2534 445 2590 ut
467 2527 507 2588 in
538 2525 709 2600 vernacula
736 2524 846 2610 lingue
866 2525 985 2590 habeas
1007 2550 1014 2588 :
1036 2527 1094 2590 mit
1114 2525 1174 2590 den
1195 2525 1346 2590 Ηόνοονπ
1368 2524 1423 2590 der

286 2635 330 2698 τ’νο
369 2635 482 2699 Ιδνούου
520 2633 718 2698 Wohnenden
728 2657 741 2715 5
779 2632 878 2698 durch
909 2633 1015 2719 Speiee
1049 2657 1119 2698 vom
1151 2633 1320 2716 Lebloeen3
1356 2657 1423 2698 vom

293 2741 400 2806 Wohle
421 2741 478 2806 δον
498 2741 827 2830 Βονμύοοοούυουδοο;
860 2739 912 2805 δύο
934 2739 1056 2806 Gewalt
1076 2741 1152 2805 tiber
1173 2740 1225 2805 die
1246 2740 1422 2806 Siebentho-

286 2851 353 2938 νύμο
374 2849 428 2914 dee
448 2849 611 2933 Kadmue3
634 2849 686 2916 die
701 2849 813 2915 ΒτᾶνΙτο
832 2848 887 2914 dee
900 2849 1188 2938 Βνούοόνμονύροπῑ
1209 2847 1266 2914 sed
1289 2849 1349 2913 hac
1369 2871 1425 2913 re·-

286 2957 371 3021 tione
391 2979 455 3020 non
471 2959 540 3044 jem
564 2958 660 3044 plene
681 2965 713 3022 et
733 2956 879 3022 absoluta
899 2955 936 3020 fit
967 2958 1141 3037 sententia,
1174 2957 1250 3042 quie
1283 2957 1423 3043 epitheta

285 3065 338 3129 illa
360 3086 433 3148 non,
454 3074 490 3129 ut
503 3074 598 3130 antea
612 3056 763 3151 οἷρχηγύς,
787 3055 1026 3150 μυδροκτύπος,
1050 3051 1208 3148 συγγενής,
1231 3064 1329 3128 etiem
1351 3063 1422 3127 eub-

288 3174 494 3236 etantivorum
529 3173 673 3260 partibus
708 3172 799 3258 fungi
835 3172 940 3236 solent
975 3172 1111 3257 (581),
1151 3170 1207 3235 sed
1244 3170 1313 3234 eliis
1349 3170 1423 3234 loeis

290 3279 446 3364 adjective
482 3301 608 3366 semper
633 3291 714 3345 eunt.
740 3281 850 3367 Itaque
875 3303 892 3345 e
921 3281 1149 3344 sententiarum
1170 3301 1294 3343 conexu
1318 3279 1344 3341 ei
1370 3299 1423 3362 ge·

288 3389 411 3451 netivoe
431 3390 544 3475 θηρῶν
566 3386 654 3472 (Jon.
674 3385 783 3471 883*)‚
815 3378 921 3472 θηρός
942 3384 1046 3474 (Cyel.
1067 3385 1158 3470 247),
1180 3376 1310 3461 πόλεως
1332 3385 1422 3468 (Her.

289 3495 348 3559 fur.
370 3495 455 3578 543),
477 3484 627 3580 πελώρου
650 3495 740 3579 (Jon.
762 3496 837 3570 204)
850 3496 878 3576 ²)
901 3493 1119 3559 subaudiverie
1141 3515 1260 3581 eosque
1277 3493 1423 3580 junxeris

289 3625 361 3667 eum
383 3603 538 3690 epithetis,
560 3603 665 3667 omnia
686 3601 767 3665 bene
789 3602 971 3687 procedent.

371 3709 499 3774 Tertiae
520 3709 629 3774 elassis
649 3716 814 3795 praeterea
842 3707 1015 3772 illustretur
1034 3717 1147 3773 natura
1167 3708 1200 3774 J.
1224 3708 1264 3772 T.
1286 3709 1348 3774 949
1367 3729 1423 3789 μυ-

288 3810 477 3904 νοτρύποζα
496 3817 584 3898 ξένια
612 3817 750 3902 hospitia
771 3817 856 3904 ejus,
878 3815 939 3901 ¹qui
955 3829 1102 3882 secretam
1121 3817 1213 3882 tabee
1231 3814 1422 3901 meneam⁸);

359 4118 379 4186 1)
399 4120 517 4171 Ceterum
534 4118 608 4185 gravi
625 4116 769 4183 corruptela
785 4116 855 4167 hune
872 4116 959 4168 loeum
971 4119 1087 4170 laborare
1102 4121 1157 4185 jm
1174 4119 1272 4170 dudum
1290 4118 1340 4170 viri
1357 4115 1423 4169 doeti

289 4205 480 4257 intellexertmt

356 4297 378 4366 ³)
397 4298 520 4352 Similiter
536 4298 597 4349 Joh.
616 4296 758 4350 Sehmidtio
782 4297 799 4348 l.
818 4312 840 4348 ο.
857 4313 882 4364 p.
901 4302 933 4350 24
950 4297 1035 4350 visum
1052 4304 1099 4361 eet,
1118 4298 1164 4364 qui
1180 4290 1345 4375 τριοόματος
1362 4287 1423 4369 ύλνιῆ

289 4385 437 4452 genetivum
455 4380 570 4460 aetoipev
587 4384 662 4451 quasi
678 4383 810 4436 involvere
827 4383 966 4436 eontendit

358 4477 379 4547 ⁸)
398 4480 471 4528 Ηοοο
488 4477 626 4530 sohirlieii
643 4476 780 4544 explieetio
798 4482 845 4539 eet.
864 4477 880 4527 l.
900 4492 922 4528 e
939 4493 964 4543 p.
983 4480 1024 4529 45.
