3030 5266
617 637 836 702 -149-

161 817 218 902 ng.
256 817 336 882 902*
382 820 537 903 καθορῶν
577 809 712 904 φόσεως
746 811 866 900 κόσμον
904 813 1030 907 ἀγήρων
1073 823 1170 906 (nec.)
1230 823 1286 890 Bia

159 915 317 1012 ἀγήραος
336 925 470 990 similem
491 926 523 989 in
542 926 670 992 modum
693 937 877 1014 usurpatum
898 930 1040 994 invenies
1062 953 1069 993 ε
1091 931 1124 997 J.
1145 932 1184 993 A.
1206 931 1286 996 567*

158 1031 250 1108 νλόος
263 1023 421 1116 ἀγήρατον
435 1035 549 1116 (uec.);
571 1033 611 1098 cf.
631 1027 722 1098 Pind.
744 1033 838 1121 Pyth.
860 1035 956 1102 1152
976 1032 1114 1122 ἑτέροισι
1134 1035 1172 1104 δὲ
1190 1035 1287 1114 κῦδος

159 1129 296 1226 ἀγήραον
317 1139 521 1224 necllum
544 1177 577 1188 -
602 1141 677 1207 Jon.
698 1143 776 1207 1436
798 1142 952 1227 στέφανος
972 1139 1085 1219 ἐλαίας
1104 1143 1144 1224 ἐξ
1161 1135 1286 1230 ἀγηρά-

158 1271 217 1314 σου
238 1249 337 1333 (nec.)
358 1239 458 1331 γεγώς
478 1247 530 1311 ubi
552 1258 658 1312 tamen
679 1241 842 1336 ἀγρράσου
865 1249 1019 1316 Badbami
1040 1261 1088 1316 eat
1107 1256 1286 1340 conjectura

158 1377 215 1442 pro
226 1355 378 1419 librorum
389 1345 551 1440 ἀνηρόσου
563 1365 658 1441 atquc
674 1378 711 1418 ea
723 1379 742 1420 a
752 1356 910 1443 plerisque
921 1357 987 1422 fere
997 1360 1219 1425 recentioribus
1235 1385 1284 1426 ac-

159 1471 258 1550 cepta
274 1499 307 1509 -
318 1459 380 1525 Hie
391 1462 548 1548 subjungo
561 1454 751 1546 ἀμβρόσιος,
766 1485 828 1549 quo
848 1464 951 1528 fontes
966 1460 1075 1531 ἀέναοι
1094 1466 1180 1552 (Jon.
1196 1470 1284 1553 118*)

158 1579 308 1656 tanquam
340 1569 482 1634 viventes
515 1570 705 1636 inducuntur
738 1570 836 1658 Hipp.
859 1572 937 1638 748*
973 1574 1087 1660 κρῆναι
1110 1566 1284 1660 ἀμβρόσιον

159 1675 346 1763 (descript).
378 1677 543 1744 Accedant
563 1669 725 1765 νοσόψιος
737 1680 762 1755 ¹)
785 1701 793 1742 ε
815 1679 911 1766 Ηίρρ.
932 1679 974 1744 30
994 1676 1112 1764 πέτραν
1131 1670 1285 1771 νονόψιον

158 1786 214 1869 γῆς
233 1784 332 1870 νῆςόε
353 1785 450 1867 (nec.)
473 1793 518 1867 et,
552 1784 636 1870 qnod
657 1785 840 1850 insolentius
866 1795 923 1868 est,
945 1780 1140 1866 unicornuus
1162 1789 1284 1856 Phoen.

161 1893 257 1958 1492*
276 1892 331 1955 ubi
352 1912 386 1956 ae
405 1892 506 1978 ipsam
528 1892 691 1975 Antigona
710 1901 905 1958 mortuorum
927 1894 1061 1958 fratrum
1082 1917 1213 1983 corpora
1234 1920 1284 1962 cc-

158 2001 273 2066 mitans
300 1999 441 2062 nominat
467 1989 666 2083 ἁγεμόνευμα
696 2004 837 2085 νεκροῖσι
857 1992 1049 2066 πολύστονον
1069 2003 1088 2064 i.
1119 2024 1145 2066 e.
1176 1999 1284 2089 ἡγεμο

158 2098 307 2172 νεόουσαν
326 2105 381 2172 καλ
398 2097 599 2192 ἐξάργουσαν
616 2108 752 2193 θρηνῶν,
774 2107 946 2171 secundum
960 2107 1144 2173 scholiastae
1159 2110 1284 2196 quidem

160 2215 408 2304 explicationem.
460 2214 541 2280 Item
574 2214 633 2278 huc
664 2215 800 2302 pertinet
830 2209 925 2297 λόγος
946 2209 1167 2303 εὐγενέστερος
1187 2218 1284 2302 (nec)

159 2322 284 2388 Heracl.
305 2323 376 2388 553.

237 2427 329 2508 Quae
349 2429 510 2516 hucusque
532 2431 676 2516 exempla
697 2432 933 2518 proposuimus,
967 2430 1012 2494 cie
1033 2430 1177 2494 omnibus
1198 2431 1284 2517 prius

160 2536 236 2601 illud
257 2536 537 2624 personiticationin
557 2559 659 2622 genua
681 2537 852 2601 illustratur
874 2537 994 2620 (§63);
1016 2536 1149 2600 alterum
1170 2558 1284 2621 cogno·

159 2666 257 2710 acaae
279 2669 287 2708 ε
308 2644 419 2732 Suppl.
441 2644 502 2710 869
522 2636 758 2731 εὐπροσήγορον
777 2643 877 2732 (uec.)
898 2636 1004 2724 σσόμα
1025 2668 1059 2709 oa
1080 2644 1223 2731 affabila3
1245 2647 1283 2708 cf.

159 2751 218 2836 frg.
241 2749 403 2840 [1117146]
433 2741 689 2839 εὐπροσηγόρους
719 2742 846 2828 μόθους
874 2753 970 2836 (nec.)
993 2762 1043 2835 et,
1076 2751 1160 2838 quod
1182 2763 1285 2816 cetere
1378 2739 1382 2746 ⁴

160 2857 282 2923 dicendi
303 2858 434 2925 audacia
455 2869 592 2947 superat,
615 2859 691 2924 Her.
713 2859 772 2924 fur.
799 2859 876 2924 1284
896 2855 939 2923 ου’
958 2853 1019 2946 γάρ
1041 2854 1120 2935 ἀνος
1141 2850 1284 2945 εόπρσσ-

159 2958 294 3053 ηγόρσυς
313 2960 377 3048 lxm
397 2967 503 3052 (uec),
525 2966 577 3031 ubi
599 2989 708 3032 eenaus
723 2977 771 3032 eat
785 2964 925 3053 epitheto
940 2967 1092 3052 passivus.
1117 3003 1151 3014 -
1175 2968 1283 3032 Animi

161 3073 274 3138 duritia
304 3075 471 3140 calamitati
501 3075 646 3139 tribuitur
666 3073 764 3162 Hipp.
789 3073 887 3141 1386ΙΙΙ
917 3071 1006 3140 τοῦδ’
1026 3064 1200 3160 ἀναλγὴνσυ
1219 3065 1282 3139 πά·

160 3185 243 3257 θους
262 3183 377 3266 (nec.);
409 3181 634 3270 periphrastice
655 3191 761 3246 autem
783 3181 867 3246 dicta
888 3193 961 3246 sunt
982 3181 1080 3246 verba
1099 3169 1175 3269 ἦλθ’
1196 3177 1282 3246 ἀδει-

159 3282 266 3374 μάπφ
299 3290 396 3374 (nec.)
424 3289 507 3355 ποόί
536 3307 593 3376 ρτο
621 3276 695 3376 ἦλθ’
719 3280 909 3370 ἀόείμανσος
932 3288 1028 3354 Rhen.
1059 3288 1146 3354 697*.
1189 3288 1282 3354 Addo

160 3387 367 3477 ἀνόμπαστος
376 3420 440 3460 acac
449 3397 657 3484 conjectam,
669 3395 754 3481 quod
767 3394 806 3458 de
818 3396 959 3460 oratione
969 3405 1066 3482 poeta
1076 3405 1185 3460 noster
1194 3418 1283 3482 prae-

160 3504 242 3568 dicat
255 3504 316 3588 frg.
331 3504 393 3568 866
407 3494 617 3583 ἀκόμπαστός
631 3504 729 3589 (nec.)
743 3491 837 3588 λόγος
851 3503 959 3588 etjam
976 3513 1070 3568 antea
1084 3504 1144 3590 lrg.
1160 3504 1221 3570 864
1235 3497 1283 3568 ἀν.

159 3604 273 3697 φάνις;
293 3650 327 3660 -
351 3603 528 3686 ἀσόνενσςε
552 3609 585 3675 J.
607 3611 647 3676 A.
662 3612 741 3676 368*
759 3600 958 3697 όπόγνσόμρς
971 3609 1110 3676 πολιτῶν
1133 3605 1285 3677 ἀσυνέτου

160 3720 265 3802 (nec).
290 3718 374 3784 Item
392 3707 570 3803 πόνόυρνος
589 3717 683 3784 valde
699 3718 846 3804 querulae
856 3719 1011 3783 abstracto
1025 3721 1191 3804 apponitur
1205 3719 1282 3784 Hcc.

159 3824 347 3892 212·νλολον
354 3816 552 3912 cundbatone
559 3825 657 3910 (nec.)
665 3819 802 3911 θρήνοις
812 3863 848 3876 -
860 3835 891 3890 et
900 3816 1216 3912 όυσθρὴννγσοςεόΤ.
1226 3827 1284 3891 143

159 3925 391 4022 όυοθρρνὴσοις
399 3934 496 4018 (nec.)
508 3928 556 4008 οῖς
564 3929 703 4018 θρήνοις
709 3927 865 4017 ἔγκειμαι,
880 3931 992 4020 quibus
1001 3931 1126 3996 adicere
1135 3932 1239 3996 licebit
1249 3932 1272 3999 J
1276 3983 1282 3996 .

227 4285 248 4352 Ι)
266 4285 413 4337 &mnrium
429 4285 507 4352 hnjua
524 4285 666 4337 membrum
683 4291 752 4338 reeh
769 4285 811 4336 via
826 4283 940 4336 eradico
956 4277 993 4340 ἀπ
1019 4291 1124 4354 ropatc3
1141 4291 1181 4337 eet
1204 4283 1283 4352 igitur

160 4365 284 4443 νοσόφνος
302 4387 348 4440 pm
366 4367 571 4440 ναν-όπ-σ-ιο-ς
589 4364 820 4440 (amimea-gt
