<?xml version="1.0" encoding="UTF-8"?>
<!DOCTYPE html PUBLIC "-//W3C//DTD XHTML 1.0 Transitional//EN"
    "http://www.w3.org/TR/xhtml1/DTD/xhtml1-transitional.dtd">
<html xmlns="http://www.w3.org/1999/xhtml" xml:lang="en" lang="en">
 <head>
  <title>
</title>
<meta http-equiv="Content-Type" content="text/html;charset=utf-8" />
  <meta name='ocr-system' content='tesseract 3.04.00' />
  <meta name='ocr-capabilities' content='ocr_page ocr_carea ocr_par ocr_line ocrx_word'/>
</head>
<body>
  <div class='ocr_page' id='page_1' title='image "./deepithetorumco01roemgoog_0201.png"; bbox 0 0 3076 5294; ppageno 0'>
   <div class='ocr_carea' id='block_1_1' title="bbox 735 553 973 681">
    <p class='ocr_par' dir='ltr' id='par_1_1' title="bbox 735 553 973 681">
     <span class='ocr_line' id='line_1_1' title="bbox 735 553 973 681; baseline 0.008 -2"><span class='ocrx_word' id='word_1_1' title='bbox 735 553 790 663; x_wconf 54' lang='grc'><strong>’-</strong></span> <span class='ocrx_word' id='word_1_2' title='bbox 838 615 973 681; x_wconf 83' lang='lat'>184-</span> 
     </span>
    </p>
   </div>
   <div class='ocr_carea' id='block_1_2' title="bbox 296 786 1532 3135">
    <p class='ocr_par' dir='ltr' id='par_1_2' title="bbox 296 786 1532 3135">
     <span class='ocr_line' id='line_1_2' title="bbox 296 786 1430 879; baseline 0.002 -21"><span class='ocrx_word' id='word_1_3' title='bbox 296 793 375 858; x_wconf 88' lang='lat' dir='ltr'><strong>Her.</strong></span> <span class='ocrx_word' id='word_1_4' title='bbox 407 795 468 858; x_wconf 89' lang='lat' dir='ltr'><strong>fur.</strong></span> <span class='ocrx_word' id='word_1_5' title='bbox 504 795 596 878; x_wconf 83' lang='lat'><strong>114*;</strong></span> <span class='ocrx_word' id='word_1_6' title='bbox 621 831 654 841; x_wconf 93' lang='lat'><em>-</em></span> <span class='ocrx_word' id='word_1_7' title='bbox 689 790 816 858; x_wconf 99' lang='grc' dir='ltr'><strong><em>παίδων</em></strong></span> <span class='ocrx_word' id='word_1_8' title='bbox 848 786 993 868; x_wconf 79' lang='grc' dir='ltr'><strong><em>ι’ίπαιδας</em></strong></span> <span class='ocrx_word' id='word_1_9' title='bbox 1022 799 1124 877; x_wconf 81' lang='grc' dir='ltr'><strong><em>γραῦς</em></strong></span> <span class='ocrx_word' id='word_1_10' title='bbox 1158 794 1258 859; x_wconf 83' lang='lat' dir='ltr'>Andr.</span> <span class='ocrx_word' id='word_1_11' title='bbox 1290 797 1371 879; x_wconf 78' lang='lat'><strong>6123</strong></span> <span class='ocrx_word' id='word_1_12' title='bbox 1395 833 1430 844; x_wconf 93' lang='lat'>-</span> 
     </span>
     <span class='ocr_line' id='line_1_3' title="bbox 297 892 1434 991; baseline 0.001 -25"><span class='ocrx_word' id='word_1_13' title='bbox 297 892 446 977; x_wconf 75' lang='grc' dir='ltr'><strong><em>όπαιδας</em></strong></span> <span class='ocrx_word' id='word_1_14' title='bbox 475 896 561 986; x_wconf 80' lang='grc' dir='ltr'><strong><em>ἡμᾶς</em></strong></span> <span class='ocrx_word' id='word_1_15' title='bbox 594 899 648 966; x_wconf 80' lang='grc' dir='ltr'><strong>δεῖ</strong></span> <span class='ocrx_word' id='word_1_16' title='bbox 668 901 862 988; x_wconf 80' lang='grc' dir='ltr'><strong><em>καταστῆναι</em></strong></span> <span class='ocrx_word' id='word_1_17' title='bbox 881 896 996 965; x_wconf 78' lang='grc' dir='ltr'><strong><em>ιε’κνων</em></strong></span> <span class='ocrx_word' id='word_1_18' title='bbox 1035 901 1135 966; x_wconf 87' lang='lat' dir='ltr'>Andr.</span> <span class='ocrx_word' id='word_1_19' title='bbox 1159 903 1220 966; x_wconf 76' lang='lat'><strong>714</strong></span> <span class='ocrx_word' id='word_1_20' title='bbox 1251 904 1289 967; x_wconf 86' lang='lat' dir='ltr'><strong>cf.</strong></span> <span class='ocrx_word' id='word_1_21' title='bbox 1321 903 1434 991; x_wconf 84' lang='lat' dir='ltr'><strong>Suppi.</strong></span> 
     </span>
     <span class='ocr_line' id='line_1_4' title="bbox 297 1000 1436 1097; baseline -0.003 -21"><span class='ocrx_word' id='word_1_22' title='bbox 297 1010 355 1091; x_wconf 78' lang='lat'><strong>353</strong></span> <span class='ocrx_word' id='word_1_23' title='bbox 378 1009 466 1074; x_wconf 88' lang='lat'>810*.</span> <span class='ocrx_word' id='word_1_24' title='bbox 511 1007 577 1073; x_wconf 89' lang='lat' dir='ltr'><strong>Sed</strong></span> <span class='ocrx_word' id='word_1_25' title='bbox 599 1007 710 1097; x_wconf 83' lang='lat' dir='ltr'><strong>Suppl.</strong></span> <span class='ocrx_word' id='word_1_26' title='bbox 734 1011 771 1076; x_wconf 88' lang='lat'><strong>13</strong></span> <span class='ocrx_word' id='word_1_27' title='bbox 794 1005 879 1094; x_wconf 80' lang='grc' dir='ltr'><strong><em>οἷμφί</em></strong></span> <span class='ocrx_word' id='word_1_28' title='bbox 899 1005 965 1093; x_wconf 82' lang='grc' dir='ltr'><strong>γδρ</strong></span> <span class='ocrx_word' id='word_1_29' title='bbox 985 1001 1090 1084; x_wconf 82' lang='grc' dir='ltr'><strong><em>πύλας</em></strong></span> <span class='ocrx_word' id='word_1_30' title='bbox 1112 1000 1250 1088; x_wconf 79' lang='grc' dir='ltr'><strong><em>Κάδμου</em></strong></span> <span class='ocrx_word' id='word_1_31' title='bbox 1270 1000 1436 1076; x_wconf 73' lang='grc' dir='ltr'><strong><em>θανόντων</em></strong></span> 
     </span>
     <span class='ocr_line' id='line_1_5' title="bbox 297 1111 1433 1204; baseline 0 -22"><span class='ocrx_word' id='word_1_32' title='bbox 297 1113 382 1182; x_wconf 72' lang='grc' dir='ltr'><strong><em>ἐπιδ</em></strong></span> <span class='ocrx_word' id='word_1_33' title='bbox 400 1119 558 1201; x_wconf 70' lang='grc' dir='ltr'><strong><em>γυναικοῖν</em></strong></span> <span class='ocrx_word' id='word_1_34' title='bbox 580 1115 694 1183; x_wconf 78' lang='grc' dir='ltr'><strong><em>τέκνου</em></strong></span> <span class='ocrx_word' id='word_1_35' title='bbox 715 1111 858 1192; x_wconf 77' lang='grc' dir='ltr'><strong><em>ἄπαιδές</em></strong></span> <span class='ocrx_word' id='word_1_36' title='bbox 885 1111 966 1182; x_wconf 83' lang='grc' dir='ltr'><strong><em>εἰσιν</em></strong></span> <span class='ocrx_word' id='word_1_37' title='bbox 996 1118 1052 1199; x_wconf 88' lang='lat' dir='ltr'><strong>(sc.</strong></span> <span class='ocrx_word' id='word_1_38' title='bbox 1073 1121 1174 1201; x_wconf 86' lang='grc' dir='ltr'><strong><em>γραῦς</em></strong></span> <span class='ocrx_word' id='word_1_39' title='bbox 1202 1139 1232 1180; x_wconf 87' lang='lat' dir='ltr'><strong>v.</strong></span> <span class='ocrx_word' id='word_1_40' title='bbox 1253 1119 1288 1200; x_wconf 90' lang='grc'><strong>9)</strong></span> <span class='ocrx_word' id='word_1_41' title='bbox 1311 1120 1433 1204; x_wconf 85' lang='lat' dir='ltr'><strong>geneti-</strong></span> 
     </span>
     <span class='ocr_line' id='line_1_6' title="bbox 299 1218 1435 1313; baseline 0.002 -25"><span class='ocrx_word' id='word_1_42' title='bbox 299 1247 355 1289; x_wconf 84' lang='lat' dir='ltr'><strong>vus</strong></span> <span class='ocrx_word' id='word_1_43' title='bbox 380 1225 544 1290; x_wconf 89' lang='lat' dir='ltr'><strong>absolutos</strong></span> <span class='ocrx_word' id='word_1_44' title='bbox 571 1247 640 1290; x_wconf 88' lang='lat' dir='ltr'><strong>esse</strong></span> <span class='ocrx_word' id='word_1_45' title='bbox 655 1226 835 1289; x_wconf 88' lang='lat' dir='ltr'><strong>existimare</strong></span> <span class='ocrx_word' id='word_1_46' title='bbox 856 1223 1030 1313; x_wconf 78' lang='lat' dir='ltr'><strong>praestabit</strong></span> <span class='ocrx_word' id='word_1_47' title='bbox 1043 1228 1137 1311; x_wconf 91' lang='lat' dir='ltr'><strong>quam</strong></span> <span class='ocrx_word' id='word_1_48' title='bbox 1151 1224 1189 1289; x_wconf 93' lang='lat' dir='ltr'><strong>de</strong></span> <span class='ocrx_word' id='word_1_49' title='bbox 1204 1218 1345 1303; x_wconf 74' lang='grc' dir='ltr'><strong><em>ἄπαιδες</em></strong></span> <span class='ocrx_word' id='word_1_50' title='bbox 1359 1247 1435 1313; x_wconf 92' lang='lat' dir='ltr'><strong>pen-</strong></span> 
     </span>
     <span class='ocr_line' id='line_1_7' title="bbox 299 1321 1435 1418; baseline 0.001 -22"><span class='ocrx_word' id='word_1_51' title='bbox 299 1331 383 1396; x_wconf 87' lang='lat' dir='ltr'><strong>dere.</strong></span> <span class='ocrx_word' id='word_1_52' title='bbox 436 1331 608 1398; x_wconf 87' lang='lat' dir='ltr'><strong>Praeterea</strong></span> <span class='ocrx_word' id='word_1_53' title='bbox 640 1331 690 1396; x_wconf 91' lang='lat' dir='ltr'><strong>hic</strong></span> <span class='ocrx_word' id='word_1_54' title='bbox 719 1330 912 1397; x_wconf 86' lang='lat' dir='ltr'><strong>nominanda</strong></span> <span class='ocrx_word' id='word_1_55' title='bbox 942 1341 1016 1396; x_wconf 89' lang='lat' dir='ltr'><strong>sunt</strong></span> <span class='ocrx_word' id='word_1_56' title='bbox 1037 1321 1100 1407; x_wconf 76' lang='grc' dir='ltr'><strong>κός</strong></span> <span class='ocrx_word' id='word_1_57' title='bbox 1130 1323 1296 1413; x_wconf 76' lang='grc' dir='ltr'><strong><em>μ’ίίπαιδα</em></strong></span> <span class='ocrx_word' id='word_1_58' title='bbox 1326 1329 1435 1418; x_wconf 82' lang='grc' dir='ltr'><strong><em>γέννας</em></strong></span> 
     </span>
     <span class='ocr_line' id='line_1_8' title="bbox 296 1429 1436 1538; baseline 0.002 -34"><span class='ocrx_word' id='word_1_59' title='bbox 296 1433 413 1523; x_wconf 75' lang='grc' dir='ltr'><strong><em>ἔθηκεν</em></strong></span> <span class='ocrx_word' id='word_1_60' title='bbox 434 1429 654 1538; x_wconf 77' lang='grc' dir='ltr'><strong><em>οίριρεοτόκοιο</em></strong></span> <span class='ocrx_word' id='word_1_61' title='bbox 683 1440 781 1504; x_wconf 87' lang='lat' dir='ltr'><strong>Rhas.</strong></span> <span class='ocrx_word' id='word_1_62' title='bbox 803 1439 900 1521; x_wconf 82' lang='lat'>908*;</span> <span class='ocrx_word' id='word_1_63' title='bbox 921 1477 963 1488; x_wconf 90' lang='lat'><strong>·—-</strong></span> <span class='ocrx_word' id='word_1_64' title='bbox 984 1433 1114 1515; x_wconf 71' lang='grc' dir='ltr'><strong><em>ἄτεκνος</em></strong></span> <span class='ocrx_word' id='word_1_65' title='bbox 1144 1429 1283 1527; x_wconf 74' lang='grc' dir='ltr'><strong><em>ἀρσένων</em></strong></span> <span class='ocrx_word' id='word_1_66' title='bbox 1303 1440 1436 1506; x_wconf 82' lang='grc' dir='ltr'><strong><em>παίδων</em></strong></span> 
     </span>
     <span class='ocr_line' id='line_1_9' title="bbox 296 1524 1434 1632; baseline 0.005 -22"><span class='ocrx_word' id='word_1_67' title='bbox 296 1539 398 1630; x_wconf 60' lang='grc' dir='ltr'><strong><em>γεγώς</em></strong></span> <span class='ocrx_word' id='word_1_68' title='bbox 419 1547 532 1612; x_wconf 71' lang='lat' dir='ltr'><strong>asech.</strong></span> <span class='ocrx_word' id='word_1_69' title='bbox 559 1547 654 1630; x_wconf 79' lang='lat'>13053</span> <span class='ocrx_word' id='word_1_70' title='bbox 679 1584 711 1595; x_wconf 91' lang='lat'>-</span> <span class='ocrx_word' id='word_1_71' title='bbox 737 1539 777 1610; x_wconf 73' lang='grc' dir='ltr'><strong>σο</strong></span> <span class='ocrx_word' id='word_1_72' title='bbox 797 1542 941 1621; x_wconf 71' lang='grc' dir='ltr'><strong><em>οόωσος</em></strong></span> <span class='ocrx_word' id='word_1_73' title='bbox 962 1552 1065 1612; x_wconf 64' lang='grc' dir='ltr'><strong><em>κακον</em></strong></span> <span class='ocrx_word' id='word_1_74' title='bbox 1084 1545 1171 1627; x_wconf 67' lang='grc' dir='ltr'><strong><em>ἐμοι</em></strong></span> <span class='ocrx_word' id='word_1_75' title='bbox 1190 1547 1224 1615; x_wconf 84' lang='lat' dir='ltr'><strong>J.</strong></span> <span class='ocrx_word' id='word_1_76' title='bbox 1240 1524 1279 1612; x_wconf 75' lang='grc'><strong>1.</strong></span> <span class='ocrx_word' id='word_1_77' title='bbox 1302 1550 1379 1632; x_wconf 80' lang='grc' dir='ltr'><strong><em>υεε;</em></strong></span> <span class='ocrx_word' id='word_1_78' title='bbox 1393 1589 1434 1598; x_wconf 94' lang='grc'>-</span> 
     </span>
     <span class='ocr_line' id='line_1_10' title="bbox 297 1645 1434 1744; baseline 0.004 -24"><span class='ocrx_word' id='word_1_79' title='bbox 297 1645 467 1740; x_wconf 73' lang='grc' dir='ltr'><strong><em>πόρθενος</em></strong></span> <span class='ocrx_word' id='word_1_80' title='bbox 502 1649 655 1740; x_wconf 79' lang='grc' dir='ltr'><strong><em>οἷνὲορκος</em></strong></span> <span class='ocrx_word' id='word_1_81' title='bbox 674 1652 780 1741; x_wconf 74' lang='grc' dir='ltr'><strong><em>ἱερῶν.</em></strong></span> <span class='ocrx_word' id='word_1_82' title='bbox 802 1653 852 1719; x_wconf 84' lang='grc' dir='ltr'><strong>ΕΙ.</strong></span> <span class='ocrx_word' id='word_1_83' title='bbox 876 1655 954 1721; x_wconf 83' lang='grc' dir='ltr'><strong>31οτ</strong></span> <span class='ocrx_word' id='word_1_84' title='bbox 976 1694 1016 1704; x_wconf 91' lang='grc'><strong>-</strong></span> <span class='ocrx_word' id='word_1_85' title='bbox 1037 1650 1173 1740; x_wconf 81' lang='grc' dir='ltr'><strong><em>α’γείκων</em></strong></span> <span class='ocrx_word' id='word_1_86' title='bbox 1193 1647 1283 1733; x_wconf 77' lang='grc' dir='ltr'><strong><em>οἶκος</em></strong></span> <span class='ocrx_word' id='word_1_87' title='bbox 1301 1652 1434 1744; x_wconf 73' lang='grc' dir='ltr'><strong><em>ἵδρυνται</em></strong></span> 
     </span>
     <span class='ocr_line' id='line_1_11' title="bbox 297 1753 1531 1850; baseline 0 -22"><span class='ocrx_word' id='word_1_88' title='bbox 297 1761 403 1846; x_wconf 87' lang='grc' dir='ltr'><strong><em>φίλων</em></strong></span> <span class='ocrx_word' id='word_1_89' title='bbox 423 1761 497 1825; x_wconf 88' lang='lat' dir='ltr'><strong>ibid.</strong></span> <span class='ocrx_word' id='word_1_90' title='bbox 522 1763 609 1830; x_wconf 89' lang='grc'><strong>1130.</strong></span> <span class='ocrx_word' id='word_1_91' title='bbox 635 1799 668 1810; x_wconf 89' lang='grc'>-</span> <span class='ocrx_word' id='word_1_92' title='bbox 694 1753 793 1844; x_wconf 89' lang='grc' dir='ltr'><strong><em>κόμαν</em></strong></span> <span class='ocrx_word' id='word_1_93' title='bbox 814 1759 961 1847; x_wconf 88' lang='grc' dir='ltr'><strong><em>κείρομαι</em></strong></span> <span class='ocrx_word' id='word_1_94' title='bbox 987 1753 1137 1838; x_wconf 82' lang='grc' dir='ltr'><strong><em>όίπεπλος</em></strong></span> <span class='ocrx_word' id='word_1_95' title='bbox 1167 1758 1298 1850; x_wconf 81' lang='grc' dir='ltr'><strong><em>φαρέων</em></strong></span> <span class='ocrx_word' id='word_1_96' title='bbox 1319 1764 1436 1830; x_wconf 77' lang='grc' dir='ltr'><strong><em>λευκῶν</em></strong></span> <span class='ocrx_word' id='word_1_97' title='bbox 1530 1825 1531 1828; x_wconf 74' lang='grc'>,</span> 
     </span>
     <span class='ocr_line' id='line_1_12' title="bbox 297 1859 1434 1958; baseline 0.005 -24"><span class='ocrx_word' id='word_1_98' title='bbox 297 1868 421 1934; x_wconf 88' lang='lat' dir='ltr'><strong>Phocn.</strong></span> <span class='ocrx_word' id='word_1_99' title='bbox 442 1869 532 1934; x_wconf 87' lang='grc'><strong>324*.</strong></span> <span class='ocrx_word' id='word_1_100' title='bbox 555 1907 593 1920; x_wconf 91' lang='lat'><strong>·-</strong></span> <span class='ocrx_word' id='word_1_101' title='bbox 616 1867 733 1951; x_wconf 77' lang='grc' dir='ltr'><strong><em>στείχω</em></strong></span> <span class='ocrx_word' id='word_1_102' title='bbox 754 1870 870 1936; x_wconf 77' lang='grc' dir='ltr'><strong><em>διυυιῖν</em></strong></span> <span class='ocrx_word' id='word_1_103' title='bbox 889 1859 1038 1958; x_wconf 77' lang='grc' dir='ltr'><strong><em>γ’ίίμορος</em></strong></span> <span class='ocrx_word' id='word_1_104' title='bbox 1057 1865 1171 1935; x_wconf 77' lang='grc' dir='ltr'><strong><em>τέκνοιν</em></strong></span> <span class='ocrx_word' id='word_1_105' title='bbox 1198 1870 1284 1937; x_wconf 86' lang='lat' dir='ltr'><strong>Med.</strong></span> <span class='ocrx_word' id='word_1_106' title='bbox 1321 1873 1434 1958; x_wconf 80' lang='lat'>1395*;</span> 
     </span>
     <span class='ocr_line' id='line_1_13' title="bbox 299 1968 1434 2065; baseline 0.006 -25"><span class='ocrx_word' id='word_1_107' title='bbox 299 1978 339 2040; x_wconf 87' lang='lat' dir='ltr'><strong>cf.</strong></span> <span class='ocrx_word' id='word_1_108' title='bbox 361 1975 442 2042; x_wconf 88' lang='lat' dir='ltr'><strong>Hec.</strong></span> <span class='ocrx_word' id='word_1_109' title='bbox 456 1976 516 2041; x_wconf 83' lang='lat'><strong>421</strong></span> <span class='ocrx_word' id='word_1_110' title='bbox 539 1972 632 2062; x_wconf 81' lang='grc' dir='ltr'><strong><em>ἡμεῖς</em></strong></span> <span class='ocrx_word' id='word_1_111' title='bbox 651 1973 689 2042; x_wconf 77' lang='grc' dir='ltr'><strong>δὲ</strong></span> <span class='ocrx_word' id='word_1_112' title='bbox 700 1968 894 2063; x_wconf 78' lang='grc' dir='ltr'><strong><em>πεντήκοντα</em></strong></span> <span class='ocrx_word' id='word_1_113' title='bbox 906 1972 1082 2065; x_wconf 77' lang='grc' dir='ltr'><strong><em>γ’ἅμμοροι</em></strong></span> <span class='ocrx_word' id='word_1_114' title='bbox 1101 1977 1231 2060; x_wconf 72' lang='grc' dir='ltr'><strong><em>είκνωνς</em></strong></span> <span class='ocrx_word' id='word_1_115' title='bbox 1253 1979 1329 2046; x_wconf 88' lang='lat' dir='ltr'><strong>Jon.</strong></span> <span class='ocrx_word' id='word_1_116' title='bbox 1344 1981 1434 2064; x_wconf 53' lang='lat'><strong>5²65</strong></span> 
     </span>
     <span class='ocr_line' id='line_1_14' title="bbox 299 2077 1436 2173; baseline 0.004 -25"><span class='ocrx_word' id='word_1_117' title='bbox 299 2084 352 2148; x_wconf 90' lang='lat' dir='ltr'><strong>ubi</strong></span> <span class='ocrx_word' id='word_1_118' title='bbox 374 2083 555 2149; x_wconf 86' lang='lat' dir='ltr'><strong>Nauckium</strong></span> <span class='ocrx_word' id='word_1_119' title='bbox 584 2085 683 2171; x_wconf 91' lang='lat' dir='ltr'><strong>probo</strong></span> <span class='ocrx_word' id='word_1_120' title='bbox 713 2091 838 2172; x_wconf 82' lang='grc' dir='ltr'><strong><em>φρενῶν</em></strong></span> <span class='ocrx_word' id='word_1_121' title='bbox 858 2077 1015 2173; x_wconf 86' lang='grc' dir='ltr'><strong><em>α’μοίρους</em></strong></span> <span class='ocrx_word' id='word_1_122' title='bbox 1034 2087 1088 2152; x_wconf 87' lang='grc' dir='ltr'><strong><em>καί</em></strong></span> <span class='ocrx_word' id='word_1_123' title='bbox 1119 2078 1300 2173; x_wconf 80' lang='grc' dir='ltr'><strong><em>μεμηνότας</em></strong></span> <span class='ocrx_word' id='word_1_124' title='bbox 1319 2085 1436 2173; x_wconf 88' lang='grc' dir='ltr'><strong><em>φίλους</em></strong></span> 
     </span>
     <span class='ocr_line' id='line_1_15' title="bbox 299 2184 1434 2281; baseline 0.005 -27"><span class='ocrx_word' id='word_1_125' title='bbox 299 2213 356 2276; x_wconf 91' lang='lat' dir='ltr'><strong>pro</strong></span> <span class='ocrx_word' id='word_1_126' title='bbox 377 2191 505 2277; x_wconf 78' lang='grc' dir='ltr'><strong><em>φρενῶν</em></strong></span> <span class='ocrx_word' id='word_1_127' title='bbox 525 2184 690 2273; x_wconf 75' lang='grc' dir='ltr'><strong><em>ἀμούσως</em></strong></span> <span class='ocrx_word' id='word_1_128' title='bbox 709 2192 775 2257; x_wconf 76' lang='grc' dir='ltr'><strong><em>κτλ.</em></strong></span> <span class='ocrx_word' id='word_1_129' title='bbox 799 2194 893 2258; x_wconf 80' lang='lat' dir='ltr'><strong>scribi</strong></span> <span class='ocrx_word' id='word_1_130' title='bbox 911 2194 1093 2281; x_wconf 80' lang='lat' dir='ltr'><strong>jubentem3</strong></span> <span class='ocrx_word' id='word_1_131' title='bbox 1124 2203 1263 2259; x_wconf 87' lang='lat' dir='ltr'><strong>ceterum</strong></span> <span class='ocrx_word' id='word_1_132' title='bbox 1285 2195 1434 2260; x_wconf 88' lang='lat' dir='ltr'><strong>hocloco</strong></span> 
     </span>
     <span class='ocr_line' id='line_1_16' title="bbox 300 2285 1435 2388; baseline 0.007 -27"><span class='ocrx_word' id='word_1_133' title='bbox 300 2307 331 2362; x_wconf 88' lang='lat' dir='ltr'><strong>et</strong></span> <span class='ocrx_word' id='word_1_134' title='bbox 351 2297 436 2362; x_wconf 87' lang='lat' dir='ltr'><strong>Med.</strong></span> <span class='ocrx_word' id='word_1_135' title='bbox 460 2299 567 2383; x_wconf 79' lang='lat'><strong>1395*,</strong></span> <span class='ocrx_word' id='word_1_136' title='bbox 589 2300 669 2367; x_wconf 91' lang='lat' dir='ltr'><strong>Hec.</strong></span> <span class='ocrx_word' id='word_1_137' title='bbox 691 2301 751 2364; x_wconf 93' lang='grc'><strong>421</strong></span> <span class='ocrx_word' id='word_1_138' title='bbox 774 2323 838 2365; x_wconf 90' lang='lat' dir='ltr'><strong>non</strong></span> <span class='ocrx_word' id='word_1_139' title='bbox 859 2310 931 2365; x_wconf 64' lang='lat' dir='ltr'><strong>tam*</strong></span> <span class='ocrx_word' id='word_1_140' title='bbox 945 2301 1054 2388; x_wconf 87' lang='lat' dir='ltr'><strong>plane,</strong></span> <span class='ocrx_word' id='word_1_141' title='bbox 1076 2322 1174 2387; x_wconf 91' lang='lat' dir='ltr'><strong>quam</strong></span> <span class='ocrx_word' id='word_1_142' title='bbox 1194 2303 1226 2365; x_wconf 91' lang='lat' dir='ltr'><strong>in</strong></span> <span class='ocrx_word' id='word_1_143' title='bbox 1247 2285 1435 2368; x_wconf 84' lang='lat' dir='ltr'><strong>anteceden-</strong></span> 
     </span>
     <span class='ocr_line' id='line_1_17' title="bbox 299 2405 1434 2493; baseline 0.006 -24"><span class='ocrx_word' id='word_1_144' title='bbox 299 2405 382 2469; x_wconf 85' lang='lat' dir='ltr'><strong>tibus</strong></span> <span class='ocrx_word' id='word_1_145' title='bbox 405 2407 559 2493; x_wconf 85' lang='lat' dir='ltr'><strong>exemplis</strong></span> <span class='ocrx_word' id='word_1_146' title='bbox 582 2408 722 2472; x_wconf 86' lang='lat' dir='ltr'><strong>secunda</strong></span> <span class='ocrx_word' id='word_1_147' title='bbox 743 2408 885 2472; x_wconf 90' lang='lat' dir='ltr'><strong>membra</strong></span> <span class='ocrx_word' id='word_1_148' title='bbox 906 2407 1078 2474; x_wconf 77' lang='lat' dir='ltr'><strong>abundant.</strong></span> <span class='ocrx_word' id='word_1_149' title='bbox 1122 2410 1174 2472; x_wconf 93' lang='lat' dir='ltr'><strong>Ad</strong></span> <span class='ocrx_word' id='word_1_150' title='bbox 1197 2417 1373 2475; x_wconf 88' lang='lat' dir='ltr'><strong>extremum</strong></span> <span class='ocrx_word' id='word_1_151' title='bbox 1396 2414 1434 2476; x_wconf 90' lang='lat' dir='ltr'><strong>si·</strong></span> 
     </span>
     <span class='ocr_line' id='line_1_18' title="bbox 298 2510 1435 2606; baseline 0.005 -30"><span class='ocrx_word' id='word_1_152' title='bbox 298 2513 364 2577; x_wconf 90' lang='lat' dir='ltr'><strong>mili</strong></span> <span class='ocrx_word' id='word_1_153' title='bbox 388 2513 516 2580; x_wconf 84' lang='lat' dir='ltr'><strong>alterius</strong></span> <span class='ocrx_word' id='word_1_154' title='bbox 537 2515 670 2582; x_wconf 80' lang='lat' dir='ltr'><strong>membri</strong></span> <span class='ocrx_word' id='word_1_155' title='bbox 692 2516 889 2582; x_wconf 90' lang='lat' dir='ltr'><strong>abundantia·</strong></span> <span class='ocrx_word' id='word_1_156' title='bbox 905 2518 1002 2581; x_wconf 87' lang='lat' dir='ltr'><strong>etiam</strong></span> <span class='ocrx_word' id='word_1_157' title='bbox 1030 2513 1140 2582; x_wconf 88' lang='lat' dir='ltr'><strong>vocein</strong></span> <span class='ocrx_word' id='word_1_158' title='bbox 1163 2510 1245 2599; x_wconf 79' lang='grc' dir='ltr'><strong><em>ἄζυξ</em></strong></span> <span class='ocrx_word' id='word_1_159' title='bbox 1266 2517 1435 2606; x_wconf 80' lang='lat' dir='ltr'><strong>Euripides</strong></span> 
     </span>
     <span class='ocr_line' id='line_1_19' title="bbox 300 2617 1532 2712; baseline 0.009 -29"><span class='ocrx_word' id='word_1_160' title='bbox 300 2620 463 2706; x_wconf 83' lang='lat' dir='ltr'><strong>usurpavit</strong></span> <span class='ocrx_word' id='word_1_161' title='bbox 491 2621 576 2686; x_wconf 87' lang='lat' dir='ltr'><strong>Med.</strong></span> <span class='ocrx_word' id='word_1_162' title='bbox 599 2623 660 2688; x_wconf 75' lang='grc'><strong>613</strong></span> <span class='ocrx_word' id='word_1_163' title='bbox 681 2618 740 2688; x_wconf 81' lang='grc' dir='ltr'><strong>ουίε</strong></span> <span class='ocrx_word' id='word_1_164' title='bbox 761 2621 855 2704; x_wconf 80' lang='grc' dir='ltr'><strong><em>ἐσμὲν</em></strong></span> <span class='ocrx_word' id='word_1_165' title='bbox 885 2617 979 2712; x_wconf 62' lang='lat' dir='ltr'><strong>sciaris</strong></span> <span class='ocrx_word' id='word_1_166' title='bbox 1000 2619 1116 2708; x_wconf 73' lang='grc' dir='ltr'><strong><em>δίζυγες</em></strong></span> <span class='ocrx_word' id='word_1_167' title='bbox 1135 2621 1310 2710; x_wconf 69' lang='grc' dir='ltr'><strong><em>γαμηλίους</em></strong></span> <span class='ocrx_word' id='word_1_168' title='bbox 1340 2624 1373 2691; x_wconf 87' lang='lat' dir='ltr'><strong>J.</strong></span> <span class='ocrx_word' id='word_1_169' title='bbox 1395 2628 1434 2690; x_wconf 88' lang='lat' dir='ltr'><strong>A.</strong></span> <span class='ocrx_word' id='word_1_170' title='bbox 1531 2641 1532 2694; x_wconf 79' lang='lat'>3</span> 
     </span>
     <span class='ocr_line' id='line_1_20' title="bbox 299 2715 1532 2821; baseline 0.008 -31"><span class='ocrx_word' id='word_1_171' title='bbox 299 2729 376 2809; x_wconf 77' lang='lat'><strong>8053</strong></span> <span class='ocrx_word' id='word_1_172' title='bbox 409 2727 507 2821; x_wconf 88' lang='lat' dir='ltr'><strong>Hipp.</strong></span> <span class='ocrx_word' id='word_1_173' title='bbox 530 2731 625 2812; x_wconf 76' lang='lat'>546*;</span> <span class='ocrx_word' id='word_1_174' title='bbox 660 2729 715 2796; x_wconf 89' lang='lat' dir='ltr'><strong>sed</strong></span> <span class='ocrx_word' id='word_1_175' title='bbox 737 2732 836 2796; x_wconf 84' lang='lat' dir='ltr'><strong>verba</strong></span> <span class='ocrx_word' id='word_1_176' title='bbox 857 2726 951 2817; x_wconf 90' lang='grc' dir='ltr'><strong><em>κόραι</em></strong></span> <span class='ocrx_word' id='word_1_177' title='bbox 972 2724 1033 2820; x_wconf 73' lang='grc' dir='ltr'><strong>γάρ</strong></span> <span class='ocrx_word' id='word_1_178' title='bbox 1055 2723 1170 2817; x_wconf 75' lang='grc' dir='ltr'><strong><em>ἄζυγες</em></strong></span> <span class='ocrx_word' id='word_1_179' title='bbox 1198 2725 1309 2816; x_wconf 78' lang='grc' dir='ltr'><strong><em>γάμων</em></strong></span> <span class='ocrx_word' id='word_1_180' title='bbox 1330 2723 1436 2820; x_wconf 80' lang='grc' dir='ltr'><strong><em>πόρος</em></strong></span> <span class='ocrx_word' id='word_1_181' title='bbox 1531 2715 1532 2754; x_wconf 61' lang='lat'>³</span> 
     </span>
     <span class='ocr_line' id='line_1_21' title="bbox 299 2825 1434 2919; baseline 0.002 -23"><span class='ocrx_word' id='word_1_182' title='bbox 299 2825 400 2913; x_wconf 88' lang='grc' dir='ltr'><strong><em>κόμας</em></strong></span> <span class='ocrx_word' id='word_1_183' title='bbox 419 2833 586 2918; x_wconf 84' lang='grc' dir='ltr'><strong><em>κεροῦνιαί</em></strong></span> <span class='ocrx_word' id='word_1_184' title='bbox 608 2851 659 2896; x_wconf 86' lang='grc' dir='ltr'><strong>σοι</strong></span> <span class='ocrx_word' id='word_1_185' title='bbox 674 2831 771 2919; x_wconf 93' lang='lat' dir='ltr'><strong>Hipp.</strong></span> <span class='ocrx_word' id='word_1_186' title='bbox 797 2832 876 2898; x_wconf 82' lang='grc'><strong>1425</strong></span> <span class='ocrx_word' id='word_1_187' title='bbox 896 2831 978 2897; x_wconf 85' lang='lat' dir='ltr'><strong>falso</strong></span> <span class='ocrx_word' id='word_1_188' title='bbox 994 2833 1105 2898; x_wconf 90' lang='lat' dir='ltr'><strong>ecdem</strong></span> <span class='ocrx_word' id='word_1_189' title='bbox 1121 2834 1191 2898; x_wconf 89' lang='lat' dir='ltr'><strong>loco</strong></span> <span class='ocrx_word' id='word_1_190' title='bbox 1205 2833 1282 2900; x_wconf 84' lang='lat' dir='ltr'>Joh.</span> <span class='ocrx_word' id='word_1_191' title='bbox 1293 2833 1434 2900; x_wconf 84' lang='lat' dir='ltr'><strong>Schmid-</strong></span> 
     </span>
     <span class='ocr_line' id='line_1_22' title="bbox 300 2939 1434 3028; baseline -0.001 -21"><span class='ocrx_word' id='word_1_192' title='bbox 300 2943 360 3007; x_wconf 87' lang='lat' dir='ltr'><strong>tius</strong></span> <span class='ocrx_word' id='word_1_193' title='bbox 382 2942 492 3006; x_wconf 90' lang='lat' dir='ltr'><strong>habuit</strong></span> <span class='ocrx_word' id='word_1_194' title='bbox 504 2941 540 3026; x_wconf 80' lang='grc'><strong>1),</strong></span> <span class='ocrx_word' id='word_1_195' title='bbox 562 2960 625 3026; x_wconf 91' lang='lat' dir='ltr'><strong>qno</strong></span> <span class='ocrx_word' id='word_1_196' title='bbox 647 2949 752 3004; x_wconf 87' lang='lat' dir='ltr'><strong>cetera</strong></span> <span class='ocrx_word' id='word_1_197' title='bbox 764 2939 858 3026; x_wconf 90' lang='lat' dir='ltr'><strong>hujus</strong></span> <span class='ocrx_word' id='word_1_198' title='bbox 874 2940 1065 3028; x_wconf 82' lang='lat' dir='ltr'><strong>paragraphi</strong></span> <span class='ocrx_word' id='word_1_199' title='bbox 1083 2941 1247 3028; x_wconf 84' lang='lat' dir='ltr'><strong>exempla3</strong></span> <span class='ocrx_word' id='word_1_200' title='bbox 1269 2941 1434 3025; x_wconf 79' lang='lat' dir='ltr'><strong>genetivus</strong></span> 
     </span>
     <span class='ocr_line' id='line_1_23' title="bbox 300 3040 1075 3135; baseline -0.003 -22"><span class='ocrx_word' id='word_1_201' title='bbox 300 3049 383 3114; x_wconf 90' lang='lat' dir='ltr'><strong>enim</strong></span> <span class='ocrx_word' id='word_1_202' title='bbox 406 3071 424 3114; x_wconf 88' lang='lat' dir='ltr'><strong>e</strong></span> <span class='ocrx_word' id='word_1_203' title='bbox 444 3040 552 3134; x_wconf 81' lang='grc' dir='ltr'><strong><em>ποκ’ρος</em></strong></span> <span class='ocrx_word' id='word_1_204' title='bbox 572 3055 665 3135; x_wconf 84' lang='lat' dir='ltr'><strong>aptae</strong></span> <span class='ocrx_word' id='word_1_205' title='bbox 686 3056 743 3130; x_wconf 87' lang='lat' dir='ltr'><strong>est,</strong></span> <span class='ocrx_word' id='word_1_206' title='bbox 765 3069 828 3111; x_wconf 88' lang='lat' dir='ltr'><strong>non</strong></span> <span class='ocrx_word' id='word_1_207' title='bbox 850 3069 890 3112; x_wconf 89' lang='lat' dir='ltr'><strong>cx</strong></span> <span class='ocrx_word' id='word_1_208' title='bbox 911 3041 1026 3132; x_wconf 82' lang='grc' dir='ltr'><strong><em>δίζυγες</em></strong></span> <span class='ocrx_word' id='word_1_209' title='bbox 1038 3049 1075 3131; x_wconf 79' lang='lat'><strong>²).</strong></span> 
     </span>
    </p>
   </div>
   <div class='ocr_carea' id='block_1_3' title="bbox 301 3180 1438 4020">
    <p class='ocr_par' dir='ltr' id='par_1_3' title="bbox 301 3180 1438 4020">
     <span class='ocr_line' id='line_1_24' title="bbox 384 3180 1435 3268; baseline 0 -22"><span class='ocrx_word' id='word_1_210' title='bbox 384 3186 403 3265; x_wconf 67' lang='grc' dir='ltr'>ξ</span> <span class='ocrx_word' id='word_1_211' title='bbox 425 3181 474 3247; x_wconf 77' lang='grc'><strong>79.</strong></span> <span class='ocrx_word' id='word_1_212' title='bbox 498 3182 529 3247; x_wconf 91' lang='grc' dir='ltr'><strong>Α</strong></span> <span class='ocrx_word' id='word_1_213' title='bbox 551 3183 571 3262; x_wconf 67' lang='grc' dir='ltr'><strong>ξ</strong></span> <span class='ocrx_word' id='word_1_214' title='bbox 593 3180 632 3246; x_wconf 75' lang='grc'><strong>18</strong></span> <span class='ocrx_word' id='word_1_215' title='bbox 666 3181 820 3267; x_wconf 86' lang='lat' dir='ltr'><strong>exemplis</strong></span> <span class='ocrx_word' id='word_1_216' title='bbox 840 3181 867 3245; x_wconf 93' lang='lat' dir='ltr'><strong>si</strong></span> <span class='ocrx_word' id='word_1_217' title='bbox 888 3181 1071 3247; x_wconf 81' lang='lat' dir='ltr'><strong>discesseris</strong></span> <span class='ocrx_word' id='word_1_218' title='bbox 1093 3181 1302 3268; x_wconf 85' lang='lat' dir='ltr'><strong>epithetorum</strong></span> <span class='ocrx_word' id='word_1_219' title='bbox 1324 3182 1435 3247; x_wconf 90' lang='lat' dir='ltr'><strong>bucus-</strong></span> 
     </span>
     <span class='ocr_line' id='line_1_25' title="bbox 301 3287 1438 3378; baseline -0.001 -23"><span class='ocrx_word' id='word_1_220' title='bbox 301 3313 363 3378; x_wconf 87' lang='lat' dir='ltr'><strong>que</strong></span> <span class='ocrx_word' id='word_1_221' title='bbox 392 3287 590 3356; x_wconf 88' lang='lat' dir='ltr'><strong>laudatorum</strong></span> <span class='ocrx_word' id='word_1_222' title='bbox 621 3311 694 3377; x_wconf 88' lang='lat' dir='ltr'><strong>pars</strong></span> <span class='ocrx_word' id='word_1_223' title='bbox 728 3289 795 3353; x_wconf 87' lang='lat' dir='ltr'><strong>fere</strong></span> <span class='ocrx_word' id='word_1_224' title='bbox 828 3290 966 3354; x_wconf 86' lang='lat' dir='ltr'><strong>maxima</strong></span> <span class='ocrx_word' id='word_1_225' title='bbox 998 3289 1043 3354; x_wconf 85' lang='lat' dir='ltr'><strong>ita</strong></span> <span class='ocrx_word' id='word_1_226' title='bbox 1064 3299 1247 3376; x_wconf 87' lang='lat' dir='ltr'><strong>comparata</strong></span> <span class='ocrx_word' id='word_1_227' title='bbox 1282 3298 1372 3374; x_wconf 86' lang='lat' dir='ltr'><strong>erat,</strong></span> <span class='ocrx_word' id='word_1_228' title='bbox 1403 3299 1438 3354; x_wconf 90' lang='lat' dir='ltr'><strong>ut</strong></span> 
     </span>
     <span class='ocr_line' id='line_1_26' title="bbox 301 3396 1437 3485; baseline -0.001 -22"><span class='ocrx_word' id='word_1_229' title='bbox 301 3397 459 3485; x_wconf 87' lang='lat' dir='ltr'><strong>superflua</strong></span> <span class='ocrx_word' id='word_1_230' title='bbox 479 3396 623 3463; x_wconf 91' lang='lat' dir='ltr'><strong>membra</strong></span> <span class='ocrx_word' id='word_1_231' title='bbox 645 3397 716 3484; x_wconf 91' lang='lat' dir='ltr'><strong>plus</strong></span> <span class='ocrx_word' id='word_1_232' title='bbox 738 3397 883 3461; x_wconf 88' lang='lat' dir='ltr'><strong>minusve</strong></span> <span class='ocrx_word' id='word_1_233' title='bbox 905 3418 975 3461; x_wconf 93' lang='lat' dir='ltr'><strong>cum</strong></span> <span class='ocrx_word' id='word_1_234' title='bbox 991 3396 1210 3480; x_wconf 82' lang='lat' dir='ltr'><strong>substantivis,</strong></span> <span class='ocrx_word' id='word_1_235' title='bbox 1232 3397 1348 3483; x_wconf 89' lang='lat' dir='ltr'><strong>quibus</strong></span> <span class='ocrx_word' id='word_1_236' title='bbox 1370 3398 1437 3485; x_wconf 89' lang='lat' dir='ltr'><strong>ipsa</strong></span> 
     </span>
     <span class='ocr_line' id='line_1_27' title="bbox 302 3499 1437 3590; baseline -0.002 -18"><span class='ocrx_word' id='word_1_237' title='bbox 302 3499 411 3572; x_wconf 78' lang='lat' dir='ltr'><strong>addita</strong></span> <span class='ocrx_word' id='word_1_238' title='bbox 447 3513 556 3588; x_wconf 86' lang='lat' dir='ltr'><strong>erant,</strong></span> <span class='ocrx_word' id='word_1_239' title='bbox 588 3526 683 3569; x_wconf 92' lang='lat' dir='ltr'><strong>sensu</strong></span> <span class='ocrx_word' id='word_1_240' title='bbox 718 3513 940 3590; x_wconf 84' lang='lat' dir='ltr'><strong>congruerent.</strong></span> <span class='ocrx_word' id='word_1_241' title='bbox 997 3503 1072 3572; x_wconf 86' lang='lat' dir='ltr'><strong>Jam</strong></span> <span class='ocrx_word' id='word_1_242' title='bbox 1107 3504 1263 3589; x_wconf 87' lang='lat' dir='ltr'><strong>reliquum</strong></span> <span class='ocrx_word' id='word_1_243' title='bbox 1299 3514 1369 3588; x_wconf 82' lang='lat' dir='ltr'><strong>cst,</strong></span> <span class='ocrx_word' id='word_1_244' title='bbox 1402 3514 1437 3570; x_wconf 89' lang='lat' dir='ltr'><strong>ut</strong></span> 
     </span>
     <span class='ocr_line' id='line_1_28' title="bbox 301 3613 1435 3699; baseline -0.001 -21"><span class='ocrx_word' id='word_1_245' title='bbox 301 3635 339 3678; x_wconf 94' lang='lat' dir='ltr'><strong>ea</strong></span> <span class='ocrx_word' id='word_1_246' title='bbox 369 3635 455 3678; x_wconf 90' lang='lat' dir='ltr'><strong>nuuc</strong></span> <span class='ocrx_word' id='word_1_247' title='bbox 487 3633 688 3694; x_wconf 89' lang='lat' dir='ltr'><strong>enumerem,</strong></span> <span class='ocrx_word' id='word_1_248' title='bbox 720 3634 820 3699; x_wconf 87' lang='lat' dir='ltr'><strong>quac,</strong></span> <span class='ocrx_word' id='word_1_249' title='bbox 843 3632 1037 3699; x_wconf 90' lang='lat' dir='ltr'><strong>quamquam</strong></span> <span class='ocrx_word' id='word_1_250' title='bbox 1057 3613 1140 3676; x_wconf 87' lang='lat' dir='ltr'><strong>inter</strong></span> <span class='ocrx_word' id='word_1_251' title='bbox 1160 3620 1308 3676; x_wconf 87' lang='lat' dir='ltr'><strong>neutrum</strong></span> <span class='ocrx_word' id='word_1_252' title='bbox 1329 3633 1435 3678; x_wconf 87' lang='lat' dir='ltr'><strong>eorum</strong></span> 
     </span>
     <span class='ocr_line' id='line_1_29' title="bbox 301 3720 1434 3808; baseline 0 -23"><span class='ocrx_word' id='word_1_253' title='bbox 301 3721 477 3786; x_wconf 88' lang='lat' dir='ltr'><strong>membrum</strong></span> <span class='ocrx_word' id='word_1_254' title='bbox 498 3729 532 3785; x_wconf 89' lang='lat' dir='ltr'><strong>et</strong></span> <span class='ocrx_word' id='word_1_255' title='bbox 550 3741 666 3785; x_wconf 90' lang='lat' dir='ltr'><strong>nomen</strong></span> <span class='ocrx_word' id='word_1_256' title='bbox 688 3721 873 3808; x_wconf 89' lang='lat' dir='ltr'><strong>primarium</strong></span> <span class='ocrx_word' id='word_1_257' title='bbox 894 3720 957 3786; x_wconf 88' lang='lat' dir='ltr'><strong>ulla</strong></span> <span class='ocrx_word' id='word_1_258' title='bbox 978 3720 1115 3785; x_wconf 89' lang='lat' dir='ltr'><strong>notionis</strong></span> <span class='ocrx_word' id='word_1_259' title='bbox 1136 3721 1285 3804; x_wconf 83' lang='lat' dir='ltr'><strong>cognatio</strong></span> <span class='ocrx_word' id='word_1_260' title='bbox 1305 3721 1434 3786; x_wconf 85' lang='lat' dir='ltr'><strong>interce·</strong></span> 
     </span>
     <span class='ocr_line' id='line_1_30' title="bbox 302 3829 1435 3917; baseline -0.003 -22"><span class='ocrx_word' id='word_1_261' title='bbox 302 3829 364 3911; x_wconf 86' lang='lat' dir='ltr'><strong>dit,</strong></span> <span class='ocrx_word' id='word_1_262' title='bbox 396 3831 558 3917; x_wconf 86' lang='lat' dir='ltr'><strong>aptissime</strong></span> <span class='ocrx_word' id='word_1_263' title='bbox 600 3839 706 3895; x_wconf 79' lang='lat' dir='ltr'><strong>tamen</strong></span> <span class='ocrx_word' id='word_1_264' title='bbox 737 3851 806 3893; x_wconf 87' lang='lat' dir='ltr'><strong>cum</strong></span> <span class='ocrx_word' id='word_1_265' title='bbox 835 3829 969 3916; x_wconf 80' lang='lat' dir='ltr'><strong>simplici</strong></span> <span class='ocrx_word' id='word_1_266' title='bbox 1011 3849 1089 3893; x_wconf 89' lang='lat' dir='ltr'><strong>voce</strong></span> <span class='ocrx_word' id='word_1_267' title='bbox 1117 3829 1243 3912; x_wconf 82' lang='lat' dir='ltr'><strong>integro</strong></span> <span class='ocrx_word' id='word_1_268' title='bbox 1287 3829 1435 3893; x_wconf 80' lang='lat' dir='ltr'><strong>enuntiati</strong></span> 
     </span>
     <span class='ocr_line' id='line_1_31' title="bbox 302 3935 1436 4020; baseline -0.003 -19"><span class='ocrx_word' id='word_1_269' title='bbox 302 3956 398 4002; x_wconf 84' lang='lat' dir='ltr'><strong>sensu</strong></span> <span class='ocrx_word' id='word_1_270' title='bbox 439 3937 625 4002; x_wconf 83' lang='lat' dir='ltr'><strong>commutari</strong></span> <span class='ocrx_word' id='word_1_271' title='bbox 666 3937 739 4002; x_wconf 86' lang='lat' dir='ltr'><strong>licet</strong></span> <span class='ocrx_word' id='word_1_272' title='bbox 779 3937 832 4020; x_wconf 81' lang='grc' dir='ltr'><strong>(εί.</strong></span> <span class='ocrx_word' id='word_1_273' title='bbox 874 3941 894 4018; x_wconf 63' lang='grc' dir='ltr'><strong>ξ</strong></span> <span class='ocrx_word' id='word_1_274' title='bbox 922 3937 987 4020; x_wconf 76' lang='grc'><strong>14).</strong></span> <span class='ocrx_word' id='word_1_275' title='bbox 1038 3935 1100 4000; x_wconf 83' lang='grc' dir='ltr'><strong>Ηὶε</strong></span> <span class='ocrx_word' id='word_1_276' title='bbox 1142 3943 1246 4000; x_wconf 84' lang='lat' dir='ltr'><strong>antem</strong></span> <span class='ocrx_word' id='word_1_277' title='bbox 1284 3956 1362 4018; x_wconf 88' lang='lat' dir='ltr'><strong>non,</strong></span> <span class='ocrx_word' id='word_1_278' title='bbox 1403 3945 1436 3999; x_wconf 88' lang='lat' dir='ltr'><strong>ut</strong></span> 
     </span>
    </p>
   </div>
   <div class='ocr_carea' id='block_1_4' title="bbox 302 4151 498 4160">
    <p class='ocr_par' dir='ltr' id='par_1_4' title="bbox 302 4151 498 4160">
     <span class='ocr_line' id='line_1_32' title="bbox 302 4151 498 4160; baseline 0 0"><span class='ocrx_word' id='word_1_279' title='bbox 302 4151 498 4160; x_wconf 71' lang='lat' dir='ltr'>...n—..—</span> 
     </span>
    </p>
   </div>
   <div class='ocr_carea' id='block_1_5' title="bbox 302 4289 1434 4551">
    <p class='ocr_par' dir='ltr' id='par_1_5' title="bbox 302 4289 1434 4551">
     <span class='ocr_line' id='line_1_33' title="bbox 372 4290 568 4343; baseline -0.01 -1"><span class='ocrx_word' id='word_1_280' title='bbox 372 4290 381 4322; x_wconf 88' lang='lat'>¹</span> <span class='ocrx_word' id='word_1_281' title='bbox 410 4291 425 4342; x_wconf 91' lang='lat' dir='ltr'><strong>l.</strong></span> <span class='ocrx_word' id='word_1_282' title='bbox 445 4305 466 4341; x_wconf 87' lang='lat' dir='ltr'><strong>e.</strong></span> <span class='ocrx_word' id='word_1_283' title='bbox 504 4294 568 4343; x_wconf 76' lang='lat'><strong>.³9.</strong></span> 
     </span>
     <span class='ocr_line' id='line_1_34' title="bbox 369 4289 1434 4462; baseline 0.005 -26"><span class='ocrx_word' id='word_1_284' title='bbox 369 4289 516 4450; x_wconf 67' lang='lat' dir='ltr'><strong>&#39;il&#39;ropddr</strong></span> <span class='ocrx_word' id='word_1_285' title='bbox 539 4383 734 4437; x_wconf 84' lang='lat' dir='ltr'><strong>similitudinem</strong></span> <span class='ocrx_word' id='word_1_286' title='bbox 757 4386 835 4436; x_wconf 81' lang='lat' dir='ltr'><strong>affero</strong></span> <span class='ocrx_word' id='word_1_287' title='bbox 859 4383 935 4436; x_wconf 85' lang='lat' dir='ltr'><strong>etiam</strong></span> <span class='ocrx_word' id='word_1_288' title='bbox 962 4385 988 4436; x_wconf 86' lang='lat' dir='ltr'><strong>J.</strong></span> <span class='ocrx_word' id='word_1_289' title='bbox 1006 4383 1036 4437; x_wconf 78' lang='grc' dir='ltr'><strong>Τ.</strong></span> <span class='ocrx_word' id='word_1_290' title='bbox 1056 4387 1105 4437; x_wconf 83' lang='grc'><strong>973</strong></span> <span class='ocrx_word' id='word_1_291' title='bbox 1131 4373 1218 4462; x_wconf 69' lang='grc' dir='ltr'><strong><em>ἦλθον</em></strong></span> <span class='ocrx_word' id='word_1_292' title='bbox 1243 4381 1332 4458; x_wconf 73' lang='grc' dir='ltr'><strong><em>νῆστις</em></strong></span> <span class='ocrx_word' id='word_1_293' title='bbox 1350 4381 1434 4461; x_wconf 74' lang='grc' dir='ltr'><strong><em>βορᾶς</em></strong></span> 
     </span>
     <span class='ocr_line' id='line_1_35' title="bbox 302 4465 1353 4551; baseline -0.008 -24"><span class='ocrx_word' id='word_1_294' title='bbox 302 4475 318 4527; x_wconf 93' lang='lat' dir='ltr'><strong>i.</strong></span> <span class='ocrx_word' id='word_1_295' title='bbox 337 4491 359 4526; x_wconf 86' lang='lat' dir='ltr'><strong>e.</strong></span> <span class='ocrx_word' id='word_1_296' title='bbox 377 4468 440 4530; x_wconf 76' lang='grc' dir='ltr'><strong><em>ἄνευ</em></strong></span> <span class='ocrx_word' id='word_1_297' title='bbox 457 4471 558 4551; x_wconf 53' lang='lat' dir='ltr'><strong>stupriq</strong></span> <span class='ocrx_word' id='word_1_298' title='bbox 576 4479 604 4525; x_wconf 79' lang='lat' dir='ltr'><strong>et</strong></span> <span class='ocrx_word' id='word_1_299' title='bbox 620 4475 668 4542; x_wconf 78' lang='lat' dir='ltr'><strong>frg.</strong></span> <span class='ocrx_word' id='word_1_300' title='bbox 687 4468 1095 4550; x_wconf 68' lang='grc' dir='ltr'><strong>[11171δ7Ἲίγκόμυυιίίρυεοι</strong></span> <span class='ocrx_word' id='word_1_301' title='bbox 1114 4467 1235 4548; x_wconf 78' lang='grc' dir='ltr'><strong><em>ἅλεκερος</em></strong></span> <span class='ocrx_word' id='word_1_302' title='bbox 1253 4465 1353 4545; x_wconf 71' lang='grc' dir='ltr'><strong><em>ἀνδρός.</em></strong></span> 
     </span>
    </p>
   </div>
   <div class='ocr_carea' id='block_1_6' title="bbox 0 0 1548 5294">
    <p class='ocr_par' dir='ltr' id='par_1_6' title="bbox 0 0 1548 5294">
     <span class='ocr_line' id='line_1_36' title="bbox 0 0 1548 5294; baseline 0 0"><span class='ocrx_word' id='word_1_303' title='bbox 0 0 1548 5294; x_wconf 95' lang='lat' dir='ltr'><strong> </strong></span> 
     </span>
    </p>
   </div>
  </div>
 </body>
</html>
