3030 5266
498 603 718 667 -113-

56 781 246 865 mouerent,
266 805 326 847 neo
346 782 410 847 ullo
431 795 525 869 panto
548 784 642 848 aliam
667 805 793 870 quoque
826 781 1026 848 admitterent
1056 783 1187 870 epitheti

57 901 84 952 et
105 889 293 954 substantivi
315 889 585 975 conjunctionem,
608 900 642 954 ut
662 891 799 955 maxime
819 890 919 955 libere
940 891 1106 977 unicuique
1127 912 1186 976 pro

57 996 180 1062 arbitrio
209 998 268 1062 hae
296 999 329 1061 in
356 1018 390 1060 re
422 998 544 1084 ingredi
576 997 745 1062 videretur.
787 998 957 1085 Euripides
978 1010 1084 1064 autem
1105 1018 1187 1083 qnae

56 1125 124 1168 cum
143 1103 283 1170 Homero
307 1103 537 1193 „descriptiva“
561 1107 741 1170 commonia
761 1105 866 1187 habet,
889 1106 929 1171 ad
962 1128 1000 1170 ea
1024 1106 1132 1172 addita
1153 1111 1189 1171 H

58 1209 157 1278 littera
176 1213 314 1278 animum
335 1213 509 1278 advertisse
531 1236 595 1279 non
616 1214 757 1300 ineptum
774 1213 925 1299 judicavi.

134 1343 207 1410 darn
239 1345 278 1408 ad
310 1345 441 1410 alterurn
463 1348 572 1428 venio,
605 1346 645 1409 de
667 1366 729 1433 quo
751 1355 823 1410 ante
845 1347 945 1433 ipsam
969 1347 1186 1433 exemplorum

59 1455 319 1518 enumerationem
349 1475 452 1540 panon
473 1455 612 1542 praefari
645 1453 799 1518 volebam.
842 1453 966 1519 Natura
987 1478 1024 1519 ao
1044 1463 1187 1542 potestas

61 1557 369 1647 ,descriptivorum“,
403 1563 526 1648 qualem
550 1565 570 1643 ξ
599 1562 869 1648 ldennripdmns,
893 1562 925 1625 in
940 1583 978 1626 eo
992 1561 1186 1650 potissimum

60 1668 198 1752 comitur,
219 1668 304 1753 quod
318 1671 364 1732 rei
378 1669 429 1734 vel
450 1691 608 1755 personae
629 1669 747 1754 aliquid
768 1670 943 1733 attribuunt
964 1670 1102 1734 maxime
1116 1692 1186 1757 pro·

59 1773 223 1858 priumneo
238 1775 416 1840 adsensum
429 1787 536 1840 tamen
549 1775 626 1862 ejus,
651 1777 827 1858 emineant,
843 1777 997 1841 enuntiati
1018 1779 1185 1864 quiequam

60 1881 160 1946 valent
183 1881 420 1948 conficiendum.
448 1883 543 1948 Nune
559 1907 634 1950 vero
656 1895 758 1949 certas
781 1886 934 1970 quasdam
946 1885 1063 1948 classes
1086 1886 1185 1950 nomi-

62 2009 130 2050 num
140 2011 188 2053 res
201 2012 390 2077 personasve
406 1992 649 2078 exprimentium
666 2003 804 2056 statuere
815 2014 992 2079 possumus,
1015 2015 1097 2078 quae
1111 2015 1187 2079 prae

63 2097 167 2160 ueteris
181 2096 369 2185 descriptivo
395 2100 589 2185 potissimum
612 2121 706 2164 sensu
731 2099 869 2187 epitheta
889 2099 1054 2164 adsumere
1076 2101 1186 2164 solent.

59 2199 125 2266 Has
151 2205 245 2290 igitur
276 2228 466 2293 quamquam
500 2208 645 2272 subtilius
675 2217 786 2293 postea
817 2209 982 2294 persequi,
1011 2230 1052 2271 ne
1081 2207 1186 2271 omnia

59 2309 183 2377 miseere
202 2312 380 2398 videamur,
412 2315 503 2380 nobis
525 2338 590 2381 non
610 2314 735 2398 licebit,
767 2325 873 2380 tamen
901 2315 1011 2380 inutile
1031 2336 1094 2378 non
1117 2317 1185 2397 erit,

59 2439 168 2503 aarum,
199 2433 355 2508 quatenus
385 2423 470 2510 apud
504 2423 687 2510 Euripidem
710 2432 850 2506 exstant,
873 2423 1000 2488 brevem
1022 2422 1073 2486 hie
1093 2441 1184 2509 prae·

60 2525 173 2592 mittere
194 2527 446 2616 descriptionem.

133 2661 182 2724 Ae
201 2662 336 2748 prImum
360 2662 488 2747 quidem
509 2661 637 2727 deorum
657 2664 786 2727 nornine
811 2663 873 2727 huo
894 2660 1063 2726 referenda
1084 2668 1185 2743 amnt,

59 2785 181 2848 quornm
202 2768 254 2832 vel
274 2769 463 2834 creberrima
485 2777 617 2833 osteum
635 2768 825 2856 descriptivo
841 2769 980 2855 epitheto
1004 2768 1184 2854 oonjnnotio

59 2871 223 2962 eademque
244 2877 359 2941 mirum
381 2884 531 2962 quantum
556 2877 690 2941 orationi
712 2876 897 2942 munditiam
931 2887 962 2941 et
985 2886 1182 2940 venustatem

58 2979 163 3048 tribuit
204 2984 259 3051 Sio
278 2984 378 3048 babes
400 3008 408 3047 τ
430 2975 568 3066 Βάκχιον
590 2973 794 3070 φιλάνθεμον
814 2985 876 3068 frg.
897 2984 981 3061 888‚·
1000 2973 1184 3070 φιλόδαφνε

59 3079 156 3172 Βάκχε
175 3091 238 3176 frg.
259 3092 337 3175 4803
360 3088 566 3178 καρποποιὸς
586 3080 738 3178 Δρμήιηρ
760 3091 858 3156 Rhea.
888 3093 968 3172 9643
990 3083 1184 3177 θηροκτόνος

52 3187 192 3280 Ἄρτεμις
212 3198 244 3266 J.
268 3203 307 3264 A.
330 3198 451 3288 [157013
474 3194 697 3288 ψυχοπομπὸς
726 3190 851 3284 Χάρων
871 3200 941 3264 Alo.
963 3200 1042 3282 3613
1064 3196 1184 3280 θελξί-

58 3299 312 3391 φρονεςἜρωτες
326 3306 440 3372 Baooh.
461 3309 549 3373 404*.
582 3306 634 3371 De
650 3307 939 3392 „necessarioruffl
955 3317 987 3370 et
1002 3306 1183 3394 „descripti-

58 3415 178 3478 vorum“
201 3415 380 3480 disommiue
402 3415 441 3480 of.
463 3418 483 3499 ξ
504 3417 524 3480 2
545 3438 576 3502 ρ.
597 3415 625 3480 8.

129 3555 200 3622 Neo
222 3554 352 3622 deorum
374 3556 489 3640 solnm,
524 3557 579 3622 sed
600 3557 794 3646 aiapadoram
827 3557 920 3622 etiam
942 3557 1066 3622 teram
1087 3557 1183 3619 virtu-

56 3667 113 3742 tn,
141 3663 256 3750 quibus
285 3664 369 3750 ipsos
396 3665 464 3729 illos
486 3666 571 3730 inter
591 3673 714 3728 eeteros
735 3665 873 3729 maxime
895 3663 1068 3728 eminentes
1089 3671 1184 3749 poeta

56 3779 285 3854 repraesentare
316 3771 401 3856 vult,
433 3795 497 3836 non
526 3793 598 3837 raro
635 3771 818 3858 compositis
861 3771 1034 3836 effemntur
1064 3770 1182 3857 epithe-

56 3873 98 3940 tis.
138 3877 212 3960 Quo
240 3879 274 3944 in
303 3899 421 3964 genere
442 3881 569 3945 nomino
589 3871 783 3966 τρικόρυθος
805 3879 898 3954 Αἴας
920 3877 975 3945 Or.
999 3879 1105 3958 1480*‚
1127 3878 1181 3942 ubi

55 4001 110 4048 nou
139 3986 231 4052 aliter
263 4009 357 4074 quam
389 3986 421 4050 in
451 3989 614 4052 notissimo
645 3984 859 4072 κορυθαίολος
881 3977 1011 4072 ’Ἕκτωρ
1042 3985 1180 4074 epitheto

57 4093 162 4158 eximia
191 4094 296 4159 herois
323 4093 476 4159 militandi
498 4095 667 4160 strenuitas
696 4094 859 4162 indicatur.
902 4094 1107 4159 Homericum
1128 4115 1181 4157 au-

56 4189 249 4290 tem‘'Exrope
269 4200 508 4288 zohoaeopvorri
523 4201 569 4288 (E
583 4203 659 4285 699)
681 4204 730 4266 eui
752 4203 871 4268 nonin
892 4212 1030 4268 mentem
1052 4209 1183 4266 vocatur

57 4305 219 4398 Euripideo
240 4303 455 4395 χαλκοτεοχής
477 4301 653 4386 Καπανεύς
674 4311 785 4399 Suppl.
807 4309 912 4378 999⁸?

965 4438 984 4500 8
