3072 5278
762 618 945 681 ..2-

288 795 311 859 ii
333 817 352 860 a
372 803 538 881 poetarum
551 795 693 882 principe
713 795 845 882 profecti
867 804 959 862 erant
977 794 1130 860 Homero.
1162 793 1196 859 Is
1218 795 1311 876 enim,
1333 813 1422 881 prae-

292 903 400 967 sertim
420 903 452 966 iu
474 903 687 989 grammaticis
708 900 955 990 quaestionibus,
977 926 1036 990 pro
1054 903 1143 968 fonte
1158 923 1282 989 semper
1302 901 1420 966 haben-

290 1009 348 1075 dus
370 1019 425 1090 est,
447 1010 485 1074 ad
509 1033 603 1097 quem
625 1033 734 1075 omnes
757 1010 892 1076 debeant
911 1031 1081 1100 recurrere.
1118 1009 1243 1096 Deinde
1264 1009 1306 1073 ad
1326 1009 1421 1094 tragi-

290 1140 344 1182 cos
366 1119 425 1181 viri
447 1118 529 1182 docti
549 1119 756 1198 transierunt,
778 1140 911 1204 quorum
932 1141 1003 1183 cum
1023 1120 1055 1182 in
1077 1116 1303 1204 componendis
1324 1117 1421 1181 nomi-

290 1225 383 1288 nibus
400 1247 554 1289 summam
574 1235 674 1289 artem
693 1234 760 1289 tum
784 1227 815 1288 in
831 1224 1018 1289 adhibendis
1034 1224 1214 1310 compositis
1228 1221 1421 1309 singularem

291 1331 453 1396 audaciam
494 1353 720 1418 saepenumero
749 1331 842 1398 valde
881 1331 1082 1397 admiramur.
1141 1331 1213 1409 Quo
1240 1332 1273 1398 in
1303 1351 1420 1414 genere

290 1441 433 1527 quamvis
495 1441 592 1504 multa
649 1434 840 1527 profecerint
895 1439 1049 1523 Tcdtius,
1101 1440 1301 1527 Sanuegins,
1347 1441 1420 1508 Joh.

291 1546 502 1626 Schmidtius,
544 1547 746 1612 Kotsmichus
779 1547 846 1628 alii,
877 1547 1018 1612 nondum
1055 1556 1162 1613 tamen
1195 1549 1240 1614 ita
1258 1549 1327 1635 jam
1369 1570 1420 1613 ex·

289 1656 403 1721 hausta
418 1656 492 1718 mihi
505 1654 864 1737 videturhaecmateria,
879 1666 914 1720 ut
930 1656 956 1719 si
970 1656 1041 1741 quis
1054 1655 1168 1721 iterum
1182 1657 1214 1721 in
1230 1677 1299 1720 eam
1320 1656 1420 1743 inqui·

288 1785 359 1828 rere
373 1764 511 1826 animum
522 1763 690 1844 induxerit,
705 1765 733 1828 ei
745 1784 784 1827 ne
796 1785 925 1850 operam
937 1773 968 1828 et
977 1765 1078 1828 oleum
1090 1764 1202 1851 perdat
1216 1764 1420 1829 metuendum

288 1871 337 1934 sit
379 1869 527 1955 Inprimis
548 1880 655 1934 autem
675 1869 847 1956 Euripides
870 1871 1031 1968 hucusque
1053 1893 1117 1934 non
1138 1872 1281 1955 invenit,
1313 1873 1422 1958 quiin

289 1977 481 2064 explorando
501 1977 573 2064 ejus
595 1979 840 2064 compositorum
871 1999 930 2042 usu
951 1977 1195 2046 reformatione
1228 1978 1422 2064 diligentiam

289 2093 320 2149 et
339 2085 525 2149 industriam
546 2084 743 2152 collocarent.
784 2083 868 2149 Nam
902 2084 1239 2166 Schirlitaius1),
1259 2089 1423 2172 sicutpro-

287 2193 391 2279 posita
411 2194 542 2257 materia
556 2191 744 2280 postulabat,
766 2193 912 2278 exempla
933 2192 1032 2256 solum
1053 2213 1093 2257 ea
1114 2195 1318 2277 enumeravit,
1340 2214 1424 2279 quae

288 2302 357 2387 ipse
376 2310 472 2386 poeta
493 2309 674 2364 novaverat.
695 2335 736 2349 --
758 2298 849 2378 Quae
871 2321 940 2364 cum
972 2302 1016 2363 ita
1049 2300 1124 2376 sint,
1155 2299 1232 2362 mihi
1262 2301 1422 2387 proposui,

288 2419 322 2471 ut
353 2407 392 2472 de
425 2408 606 2493 compositis
638 2405 820 2493 Euripideis
852 2407 921 2492 ipse
941 2407 1093 2471 nonnulla
1113 2407 1325 2493 disputarem,
1357 2431 1422 2472 non

288 2535 351 2600 quo
372 2536 424 2580 res
445 2537 544 2580 novas
567 2524 598 2578 et
617 2513 779 2600 hucusque
796 2514 891 2600 plane
904 2514 1061 2580 inauditas
1075 2513 1271 2600 prolaturum
1287 2537 1338 2579 me
1353 2537 1424 2580 esse

289 2643 466 2704 censerem,
501 2621 557 2687 sed
588 2624 663 2708 quia
690 2631 795 2686 certae
838 2620 961 2686 cuidam
999 2621 1225 2686 vocabulorum
1256 2623 1348 2688 classi
1370 2625 1425 2687 ali·

288 2751 383 2816 quam
405 2729 505 2794 lucem
527 2730 694 2794 allaturum
715 2752 767 2795 me
789 2725 860 2794 esde
882 2728 1017 2793 confido.

369 2861 463 2940 Quod
496 2864 634 2950 epitheta
665 2864 865 2950 potissimum
898 2864 1071 2949 composita
1099 2861 1198 2949 elegi,
1237 2863 1353 2950 duplici
1384 2864 1425 2930 de

289 2991 384 3034 causa
404 2971 522 3034 factum
548 2980 604 3035 est.
636 2969 722 3035 Nam
743 2993 814 3034 cum
837 2971 973 3056 primum
997 2973 1242 3057 compositorum
1264 2993 1338 3057 pars
1359 2972 1428 3037 fere

288 3079 426 3141 maxima
458 3077 542 3164 apud
564 3077 749 3165 Euripidem
782 3100 823 3142 ex
860 3078 1005 3164 epithetis
1038 3086 1179 3159 constet,
1213 3079 1239 3142 si
1265 3078 1316 3142 cui
1347 3079 1428 3144 haec
1533 3111 1534 3154 r

289 3186 419 3250 collecta
441 3195 471 3250 et
492 3185 533 3250 ad
554 3182 670 3250 classes
693 3207 765 3250 suas
786 3184 916 3250 redacta
937 3195 1062 3272 praesto
1087 3195 1193 3266 erunt,
1222 3187 1249 3250 is
1266 3187 1335 3272 jam
1358 3189 1428 3252 sine

287 3293 438 3357 molestiis
461 3293 588 3357 omnino
611 3292 649 3357 de
670 3295 791 3358 ratione
809 3293 953 3380 judicare
973 3295 1100 3380 poterit,
1123 3315 1218 3379 quam
1232 3295 1264 3356 in
1287 3293 1427 3359 forman·

289 3400 336 3464 dis
358 3399 608 3487 adhibendisque
631 3401 811 3488 compositis
836 3408 931 3486 poeta
952 3401 992 3464 sit
1025 3410 1159 3480 secutus.
1190 3400 1316 3465 Deinde
1338 3424 1429 3487 vero,
1532 3393 1533 3427 ³

299 3507 381 3594 dque
409 3530 564 3572 summum
587 3508 664 3593 erit,
694 3511 792 3596 ipsius
813 3505 975 3595 Euripidis
997 3517 1084 3572 tanta
1105 3529 1199 3596 saepe
1228 3519 1277 3572 est
1307 3510 1340 3573 in
1363 3512 1428 3598 epi-

286 3615 453 3684 ithetorum
474 3639 532 3682 usu
554 3617 695 3700 audacia,
717 3625 879 3700 tantuma,
901 3615 1137 3698 tantalibertas,
1158 3625 1276 3681 utnon
1299 3618 1430 3684 minima
1531 3681 1532 3697 ,

288 3746 327 3790 ex
349 3733 437 3812 parte
458 3726 497 3790 ab
519 3725 579 3789 hac
599 3747 634 3790 re
657 3725 856 3789 difficultates
871 3722 1028 3810 quaedam
1042 3724 1235 3814 repetendae
1257 3724 1430 3791 videantur

288 3832 342 3915 eis,
365 3833 417 3918 qui
438 3833 550 3918 legunt
570 3833 703 3918 fabulas,
724 3834 805 3897 ultro
828 3855 862 3897 se
884 3831 1060 3897 offerentes.
1105 3831 1173 3896 Has
1195 3831 1303 3917 igitur,
1325 3855 1427 3920 quan·

286 3949 352 4003 tum
380 3941 517 4004 maxime
538 3961 684 4028 possem,
707 3949 741 4005 ut
762 3963 838 4005 sana
859 3939 1056 4026 singulorum
1077 3938 1250 4004 verborum
1270 3939 1426 4027 interpre-
1530 3921 1531 3969 ἶ

285 4048 403 4111 tatione
425 4070 442 4112 e
464 4047 568 4113 medio
589 4048 738 4132 tollerem,
770 4069 876 4112 meum
897 4069 984 4112 nunc
1006 4069 1077 4112 esse
1098 4047 1284 4113 existimavi.
1327 4048 1427 4114 Prae-

295 4235 490 4246 -—-—-.-

355 4375 375 4443 ¹)
393 4377 432 4428 Da
451 4377 574 4435 sermonis
591 4374 683 4443 tragici
699 4390 745 4442 per
754 4375 902 4444 Euripidem
924 4375 1097 4440 incrementis,
1117 4374 1190 4428 Halia
1209 4376 1340 4428 suenum
1361 4379 1427 4436 1865
1528 4445 1529 4452 ἵ

287 4478 311 4528 p.
330 4465 438 4526 eo-aa.
