3030 5266
760 666 981 731 -114-

389 852 500 918 Gentes
522 852 615 916 etiem
630 859 662 914 et
675 851 815 938 repe’ouee
836 850 903 914 sive
920 862 1022 914 terras
1046 847 1192 936 epithetis
1219 845 1359 932 aliquem
1380 846 1451 910 lau·
1508 867 1509 872 ¹

306 960 378 1024 dem
399 981 437 1023 ae
451 959 608 1041 virtutem,
631 979 693 1044 qun
714 977 790 1044 pree
805 958 916 1022 ceteris
935 957 1072 1022 maxime
1086 957 1173 1042 ipsae
1188 955 1261 1019 illae
1275 953 1450 1034 excellunt,

307 1068 557 1154 exprimentibus
583 1067 617 1130 in
638 1087 698 1130 usu
718 1063 838 1129 hebent
865 1073 976 1150 poetae
1007 1086 1134 1150 engere.
1175 1062 1250 1128 Huc
1272 1059 1451 1147 Euripidee

306 1175 409 1240 refero
432 1197 440 1238 ε
461 1171 621 1259 φίλιπποι
640 1179 751 1260 Τρῶες
760 1173 823 1259 frg.
841 1173 919 1255 9293
937 1164 1142 1260 φιλᾶρμαοοι
1158 1173 1268 1258 Θῆβαι
1287 1172 1367 1238 Her.
1384 1173 1448 1237 fur.
1508 1201 1509 1256 3

306 1284 386 1366 4673
407 1272 641 1367 μελᾶμβρωτος
668 1286 707 1366 γῆ
724 1275 888 1356 Αἷθιοπίς
920 1281 981 1368 frg.
1003 1282 1112 1365 230f23
1147 1279 1320 1346 manifesto
1340 1290 1449 1346 autem

308 1399 356 1457 est
376 1389 508 1454 Homeri
530 1390 661 1454 imitatio
683 1389 715 1454 in
737 1383 1047 1476 inclementiores
1069 1386 1182 1477 Suppl.
1203 1389 1294 1458 365*.
1508 1389 1509 1408 ³

389 1523 465 1588 Jem
494 1522 606 1587 adres
635 1523 797 1588 hominnm
818 1524 963 1588 manibus
985 1524 1143 1589 conlectos
1170 1533 1206 1588 ut
1235 1522 1449 1610 procedemus
1508 1535 1509 1556 ¹

308 1631 451 1716 inprimis
472 1632 571 1695 armis
592 1631 784 1718 descriptiva
805 1632 878 1696 eddi
900 1634 1003 1696 solent
1025 1631 1173 1720 epitheta,
1196 1632 1313 1718 quibus
1335 1633 1387 1697 vel
1406 1634 1449 1715 id,

308 1739 396 1825 quod
425 1741 560 1804 maxime
590 1740 650 1804 sub
672 1740 779 1805 oeulos
801 1740 885 1806 cedit
892 1777 904 1822 ,1
921 1741 973 1804 vel
993 1740 1133 1824 materie,
1155 1761 1281 1826 exque
1303 1742 1376 1828 ipso
1396 1739 1450 1804 ille

308 1856 492 1934 componete
513 1856 604 1929 sunt,
639 1848 831 1933 designetur.
873 1847 926 1914 Ah
943 1848 1004 1912 hec
1024 1859 1116 1935 perte
1137 1855 1245 1912 teneus
1265 1843 1449 1934 χαλκήλαθ’
1508 1905 1509 1945 p

306 1947 394 2019 ὅπλα
415 1954 486 2020 Hel.
511 1954 591 2020 1263
614 1965 646 2019 et
668 1947 853 2041 πάγχαλκος
872 1946 972 2042 αἰχμή
993 1955 1120 2021 Heracl.
1146 1957 1226 2041 2763
1248 1955 1289 2020 ab
1311 1956 1367 2020 ille
1388 1951 1448 2036 α’μ-
1508 1951 1509 2028 ᾗ

308 2061 461 2148 ultumos
498 2058 600 2137 ἀσπίς
630 2063 748 2129 Troed.
781 2065 899 2148 1156*;
930 2059 1115 2150 οἷμφίοομον
1144 2065 1242 2149 ξίφος
1272 2064 1323 2128 ΕΙ.
1357 2066 1451 2145 ,164*;
1508 2051 1509 2066 ³

307 2165 488 2258 ὄξύθηκτον
501 2161 665 2257 φάσγανον
679 2172 779 2236 Andr.
806 2176 899 2256 11503
921 2166 975 2260 ἔκη’
997 2174 1081 2254 dolo
1093 2163 1174 2256 τόξα
1194 2173 1271 2237 Her.
1295 2173 1357 2237 fur.
1378 2174 1449 2237 472.
1508 2179 1509 2222 ἒ

309 2279 378 2345 Νοο
407 2291 512 2344 temen
534 2302 623 2344 erma
645 2280 726 2364 sola,
757 2280 814 2345 sed
847 2285 941 2347 etiem
964 2283 1050 2348 aliae
1069 2307 1119 2350 ree
1140 2282 1281 2347 similiter
1303 2282 1450 2368 epithetis
1508 2305 1509 2362 p

310 2388 501 2471 efferuntur3
528 2389 573 2451 sic
606 2388 730 2453 cithma
759 2380 995 2476 ἑπτᾶφθογγος
1025 2393 1204 2455 nominatur
1233 2389 1323 2465 (Jon.
1346 2391 1450 2474 881*)‚

310 2496 382 2583 lyra
405 2484 582 2571 ἓπτοὶτονος
604 2498 690 2582 (Alc.
712 2497 824 2582 446*),
850 2503 944 2566 navis
965 2487 1165 2581 ω’κυπόμπος
1187 2498 1233 2582 (J.
1256 2497 1296 2562 T.
1320 2499 1450 2581 1136*);
1508 2485 1509 2490 ἵ

310 2605 384 2670 item
417 2625 522 2667 rerum
554 2605 689 2668 materie
719 2626 783 2668 non
804 2607 911 2693 inepte
934 2606 1079 2693 epithetis
1112 2607 1152 2671 ed
1180 2607 1343 2671 oculorum
1364 2607 1451 2671 velut
1508 2581 1509 2628 l

311 2732 438 2777 sensum
467 2721 636 2776 revocetur
663 2713 696 2776 in
719 2735 727 2775 :
748 2705 922 2800 πολύπηνα
952 2706 1064 2798 φάρεα
1085 2714 1134 2778 ΕΙ.
1160 2714 1244 2795 191*,
1267 2706 1451 2799 λινόκροκον
1508 2693 1509 2716 ¹

311 2807 419 2904 φάρος
441 2817 519 2882 Hec.
545 2819 653 2886 108st
695 2819 830 2887 Restant
850 2822 1027 2901 animalia,
1064 2842 1198 2907 quorum
1219 2823 1374 2908 cujusque
1397 2845 1449 2888 ne·
1508 2903 1509 2908 γ

311 2933 414 2990 turam
440 2927 576 2992 maxime
603 2928 766 3014 propriam
793 2930 869 2994 item
897 2930 1047 3017 peculiari
1079 2931 1217 3019 epitheto
1239 2952 1398 2997 exornare
1418 2933 1450 2996 in

313 3031 433 3100 deliciis
454 3036 513 3101 l'uit
533 3034 688 3123 Euripidi.
712 3034 808 3115 Quod
823 3039 978 3124 exemplis
999 3039 1200 3104 illustretur:
1222 3033 1451 3120 i'rtrtmutoxo-

300 3132 424 3206 ’πόδων
443 3141 560 3211 Bacch.
584 3145 660 3227 7823
688 3133 818 3227 μώνυχο
840 3144 950 3216 πῶλον
971 3146 1092 3216 Phoen.
1114 3147 1210 3231 793*;
1237 3143 1450 3235 tetoooxslrlr
1508 3203 1509 3208 ,

312 3238 435 3328 μόσχος
467 3250 586 3319 Phoen.
615 3253 696 3335 639,
720 3251 908 3339 quibuscum
930 3254 1077 3324 conferes
1098 3253 1195 3321 Rhes.
1216 3256 1312 3340 550*;
1333 3256 1448 3322 Buech.

312 3355 389 3438 6913
411 3355 443 3420 J.
467 3357 505 3420 Τ.
528 3359 606 3442 261;
627 3359 689 3447 frg.
712 3360 846 3438 llbl32..

395 3486 491 3552 Nunc
513 3491 546 3553 in
569 3491 788 3556 enumerandis
810 3492 901 3577 hujus
914 3493 1022 3558 elassis
1039 3495 1191 3581 exemplis
1206 3495 1318 3559 eodem
1341 3495 1448 3560 ordine

314 3613 376 3678 quo
398 3596 431 3658 in
451 3598 557 3683 priore
578 3620 697 3684 genere
718 3610 857 3682 utemur,
890 3601 946 3666 sed
967 3602 1050 3668 intra
1070 3603 1210 3688 singulas
1231 3604 1449 3691 paragraphos
1508 3653 1509 3656 η

315 3699 392 3765 heeo
424 3704 514 3770 nobis
543 3707 593 3773 via
624 3708 834 3793 ingredienda
863 3711 940 3791 erit,
972 3717 1009 3774 ut
1040 3731 1121 3798 qnae
1153 3718 1285 3797 propter
1318 3712 1448 3778 similem

315 3828 442 3875 sensum
463 3812 574 3879 melius
593 3836 656 3878 una
677 3816 869 3901 proferende
884 3839 980 3904 quam
993 3827 1122 3905 propter
1137 3817 1294 3884 diversum
1317 3817 1448 3885 formem

317 3912 492 3982 dirimende.
512 3920 666 4006 videntur,
697 3923 775 3993 haee
797 3925 989 4010 conjunctim
1010 3947 1136 4013 semper
1157 3925 1305 4011 neglecte
1325 3926 1449 4012 ulique·
1508 3981 1509 3986 ,

316 4029 408 4088 tenus
428 4024 616 4096 formatione
636 4052 859 4119 proponemus.
1508 4028 1509 4060 ¹
