3030 5266
736 617 938 682 ..76-

271 798 401 884 iusuper
412 796 588 885 adjungere
608 796 732 862 suffixa.
756 796 816 864 Oui
831 797 877 861 rei
898 797 1179 863 luculentissimum
1191 799 1408 864 testimonium

271 906 383 992 stirpes
413 906 611 992 potissimum
641 904 781 970 dentales
815 913 902 987 sunt,
931 927 1005 970 nam
1026 906 1058 970 in
1080 906 1279 993 compositis,
1301 907 1409 994 qualia

271 1023 344 1077 sunt
358 1008 624 1097 ποικιλοδέρμων,
647 1003 865 1102 πολυκτήμων,
887 1007 1042 1099 αόχήμων
1056 1013 1177 1097 similia,
1205 1013 1407 1078 manifestum

270 1127 318 1185 est
348 1120 380 1183 in
411 1120 513 1185 locum
535 1123 664 1206 genuini
695 1143 774 1203 ματ
808 1121 912 1186 suffixi
940 1143 1013 1202 μον
1045 1121 1241 1186 successisse.
1286 1118 1407 1186 Contra
1500 1180 1501 1202 ,

269 1227 443 1314 principale
463 1249 546 1308 ματ
575 1228 759 1315 plerumque
782 1230 827 1292 ita
846 1228 983 1294 mutilari
1005 1228 1142 1309 solebat,
1172 1239 1206 1292 ut
1227 1229 1294 1293 sola
1311 1251 1338 1311 μ
1357 1229 1406 1293 lit·
1500 1221 1501 1244 ³

269 1343 338 1398 tera
358 1334 597 1420 relinqueretur,
620 1357 682 1422 qua
702 1359 766 1400 non
788 1345 935 1400 contenta
956 1337 1064 1420 lingua
1085 1357 1235 1400 novumn
1256 1335 1406 1400 suffixum

270 1439 387 1506 addere
409 1441 441 1504 in
462 1463 521 1506 usu
542 1441 688 1506 babebat.
726 1440 821 1520 Quod
843 1443 946 1507 elucet
960 1465 977 1508 e
993 1434 1201 1524 πολυώνυμος
1215 1433 1406 1529 (advo-act),

270 1547 410 1630 δίβαμος
442 1551 619 1636 (δη-ματ),
651 1545 883 1637 πολύοπερμος
911 1553 1114 1637 (οπερ-ματ)
1137 1551 1214 1616 aliis.
1257 1552 1406 1640 Denique

271 1667 397 1721 servato
426 1657 519 1721 etiam
551 1657 666 1723 suffixo
693 1681 777 1722 nova
803 1668 910 1723 tamen
932 1661 1154 1723 terminatione
1177 1659 1292 1726 usitata
1313 1661 1406 1747 stirps

270 1764 436 1828 nominalis
459 1765 567 1849 augeri
584 1766 708 1852 potuit,
729 1764 821 1848 cujus
842 1766 887 1830 rei
902 1789 960 1852 pro
979 1767 1132 1853 exemplis
1146 1765 1264 1832 habeas
1285 1757 1406 1853 τρισώ-

269 1893 380 1955 ματος,
403 1870 605 1954 δυσείματος,
627 1864 810 1958 insinuator
824 1874 944 1939 similia.
966 1913 1007 1924 -
1031 1875 1074 1942 Ut
1095 1877 1126 1940 in
1143 1874 1317 1940 dentalium
1341 1875 1409 1939 stir-

270 1982 357 2068 pium
386 1980 490 2045 forma
522 1963 677 2046 mutanda
701 1982 810 2067 lingua
842 1983 962 2047 versari
993 1982 1130 2065 solebat,
1173 1983 1218 2047 ita
1246 1984 1345 2047 etiam
1376 1983 1409 2046 in

271 2088 413 2154 aliarum.

352 2195 480 2279 Restat,
512 2205 548 2260 ut
579 2217 706 2260 causam
746 2197 849 2284 quoad
882 2197 949 2284 ejus
980 2197 1046 2262 lieri
1093 2206 1199 2285 potest
1237 2219 1407 2285 exponam,

271 2303 380 2368 curin
403 2303 543 2368 secunda
565 2304 809 2391 compositorum
832 2304 907 2370 sedo
928 2304 1021 2369 modo
1044 2315 1182 2390 mutare,
1212 2304 1305 2370 modo
1327 2307 1408 2370 inte·

272 2433 346 2497 gras
368 2412 505 2475 retinere
526 2411 712 2498 simplicium
731 2412 850 2476 formas
865 2412 973 2497 lingua
994 2413 1026 2475 in
1042 2411 1267 2477 consuetudine
1289 2410 1407 2477 habue-

272 2519 322 2582 rit.
365 2517 479 2605 Itaque
508 2540 664 2582 summum
693 2519 820 2606 quidem
842 2529 1035 2584 momentum
1067 2521 1096 2584 oi
1116 2520 1281 2584 hominum
1305 2519 1409 2584 studio

272 2625 474 2690 tribuendum
496 2627 563 2710 erit,
586 2649 627 2690 ex
649 2647 726 2713 quo,
750 2648 831 2713 quae
853 2627 978 2692 diverso
1002 2649 1094 2692 sensu
1117 2626 1157 2691 ad
1179 2627 1315 2693 eundem
1337 2627 1407 2693 fon-

271 2742 336 2798 tem
357 2732 501 2817 redeunt,
525 2755 563 2797 ea
584 2733 681 2797 oculis
703 2735 796 2798 etiam
819 2743 854 2798 ut
868 2745 1000 2811 externa
1015 2736 1121 2820 specie
1139 2734 1264 2800 divorsa
1278 2758 1407 2823 reprae-

273 2850 397 2906 sentare
427 2850 542 2906 ament.
585 2839 705 2906 Notum
728 2842 812 2906 enim
833 2851 895 2925 est,
922 2843 954 2906 id
978 2840 1061 2928 quod
1081 2843 1186 2930 ipsum
1201 2842 1270 2929 jam
1293 2865 1409 2909 nomen

272 2948 406 3030 indicat,
434 2949 619 3014 attributiva
646 2971 772 3036 semper
798 2971 867 3014 esse
889 2949 1045 3015 attributa.
1088 2949 1184 3015 Hanc
1204 2972 1279 3015 vero
1300 2972 1409 3016 eorum

272 3065 463 3142 potestatem
485 3078 548 3121 non
569 3079 642 3122 raro
664 3058 790 3122 omnino
812 3078 875 3121 non
897 3061 1153 3143 persentisceres,
1175 3059 1235 3122 nisi
1258 3059 1408 3124 substan·

271 3164 343 3228 tivis
364 3165 434 3250 ipsa
455 3174 562 3228 essent
581 3163 697 3230 addita.
742 3160 796 3232 Sic
816 3163 1021 3247 κακοδαίμων
1050 3188 1107 3252 per
1126 3187 1161 3230 se
1183 3164 1310 3253 quidem
1332 3167 1409 3231 nihil

271 3271 358 3336 valet
378 3273 438 3336 nisi
460 3295 467 3336 :
489 3272 593 3338 malua
627 3272 759 3338 daemon
781 3274 852 3356 (Ar.
875 3273 959 3362 Equ.
984 3275 1075 3360 113),
1108 3274 1164 3338 sed
1186 3273 1313 3360 adjecto
1336 3273 1407 3338 sub·

272 3379 408 3443 stantivo
436 3379 537 3466 (velut
558 3372 654 3467 α’νήρ)
676 3381 868 3467 adjectivum
895 3381 972 3446 illud
1005 3403 1075 3447 esse
1097 3382 1314 3469 unusquisque
1346 3393 1407 3446 sta-

272 3485 328 3550 tim
349 3486 513 3571 intellegit.
556 3485 683 3572 Quare,
704 3499 738 3554 ut
759 3510 816 3575 per
831 3512 864 3553 se
887 3511 1014 3577 quoque
1036 3489 1277 3576 compositorum
1306 3491 1356 3553 vis
1378 3498 1410 3553 et

271 3594 357 3657 notio
379 3595 479 3679 primo
501 3594 614 3659 obtutu
635 3605 878 3683 pernosceretur
911 3618 1014 3683 neque
1047 3595 1231 3661 attributiva
1261 3618 1333 3661 cum
1355 3598 1409 3678 eis,

272 3702 449 3788 quaeipsis
472 3701 620 3785 subsunt,
651 3704 897 3769 determinativis
938 3725 1136 3768 communem
1164 3703 1317 3768 haberent
1339 3726 1408 3792 spe-

273 3809 352 3872 ciem
384 3819 563 3892 externam,
596 3811 780 3896 praesertim
812 3813 845 3875 in
881 3812 941 3876 hoc
963 3813 1206 3899 compositorum
1237 3832 1355 3898 genere
1376 3812 1408 3876 in

272 3917 439 3982 mutandas
461 3918 647 4005 simplicium
668 3918 786 3982 formas
807 3928 968 4004 grassatos
991 3940 1060 3983 esse
1083 3915 1225 3982 Graecos
1247 3918 1409 3984 observari

272 4024 354 4090 licet.

356 4129 421 4198 Sed
442 4134 575 4198 alterum
595 4143 790 4198 momentum
805 4132 976 4200 accedebat
996 4155 1056 4198 nec
1075 4133 1107 4197 id
1123 4131 1250 4220 quidem
1273 4142 1409 4196 oontem-

273 4238 421 4306 nendum.
465 4239 538 4306 Non
559 4263 669 4306 omnes
692 4242 777 4305 enim
806 4242 1075 4306 substantivorum
1097 4241 1335 4306 terminationes
1356 4263 1410 4327 pa·

273 4349 350 4414 riter
370 4349 503 4415 idoneae
524 4347 727 4433 videbantur,
749 4349 880 4437 quibus,
904 4353 929 4414 si
951 4352 983 4414 in
1006 4348 1144 4415 secunda
1165 4349 1410 4435 compositorum

273 4457 349 4523 sede
390 4461 461 4547 ipsa
510 4461 723 4547 apparebant,
766 4459 882 4546 singuli
923 4459 1018 4524 trium
1065 4457 1118 4523 vel
1160 4457 1294 4523 duorum
1325 4466 1411 4523 certe
