3076 5294
705 1714 840 1818 Liber
872 1715 1002 1817 alter.

410 2014 457 2096 Be
483 2013 705 2122 epithetum
732 2017 992 2124 compositorum
1016 2041 1082 2101 usu
1107 2017 1304 2104 artitdoso.

369 2217 389 2296 ξ
412 2216 459 2281 70.
502 2216 718 2283 Artificiosum
739 2219 948 2306 epithetorum
977 2222 1221 2308 compositorum
1241 2242 1415 2307 usumque

287 2323 326 2386 in
351 2346 385 2388 re
411 2325 548 2410 positum
581 2325 759 2412 quibusque
788 2327 902 2393 finibus
924 2330 1175 2416 circumstiptum
1197 2351 1264 2394 esse
1285 2330 1414 2394 volueri·

287 2453 367 2498 mus.
388 2431 529 2496 breviter
546 2433 613 2519 jam
633 2435 666 2497 in
687 2434 883 2521 praefatione
906 2436 1047 2521 opusculi
1079 2440 1124 2523 (p.
1156 2438 1185 2520 3,
1209 2437 1244 2523 4)
1273 2436 1413 2525 exposui·

287 2560 365 2601 mus.
409 2539 526 2622 Agitur
558 2538 599 2603 de
629 2560 668 2604 ea
698 2549 766 2605 arte
789 2550 820 2606 et
841 2541 973 2606 audacia
993 2542 1137 2626 dicendi,
1167 2565 1230 2630 qua
1252 2563 1324 2608 cum
1344 2543 1412 2607 sub·

287 2644 428 2708 stantivis
458 2644 596 2732 epitheta
625 2646 678 2711 illa
720 2646 970 2734 conjunguntur,
1011 2651 1173 2735 quaeritur
1203 2672 1266 2739 qua
1296 2652 1412 2730 ratione

287 2753 442 2844 ejusmodi
460 2754 684 2819 vocabulorum
706 2755 943 2840 conjunctiones
965 2755 1135 2822 vertendae
1157 2757 1238 2840 sint,
1261 2766 1295 2821 ut
1311 2757 1411 2843 justus

287 2884 396 2926 sensus
427 2863 560 2944 oriatur3
592 2883 655 2926 non
687 2865 850 2948 quaeritur
880 2862 920 2927 de
961 2863 1093 2949 alicujus
1124 2865 1256 2951 epitheti
1290 2867 1411 2929 notione

286 2970 435 3034 translata
455 2969 507 3033 vel
527 2968 620 3056 paulo
641 2969 768 3033 liberius
789 2969 829 3034 de
851 2969 912 3033 hoc
933 2971 981 3035 vel
1002 2971 1056 3034 illo
1078 2973 1203 3037 nomine
1235 2972 1411 3058 praedicate

287 3100 380 3166 quam
415 3077 510 3162 vulgo
539 3075 632 3162 hujus
664 3077 895 3164 significatione
917 3078 1106 3142 conceditur.
1149 3078 1263 3165 Itaque
1298 3078 1411 3164 epithe«

284 3195 389 3250 torum
427 3207 552 3267 sensus,
584 3185 686 3270 qualis
716 3187 750 3250 in
781 3186 925 3250 versione
953 3185 1133 3251 reddendus
1166 3195 1233 3268 est,
1268 3186 1409 3273 qnoniam

286 3315 396 3359 norma
423 3293 512 3356 nobis
542 3314 612 3357 esse
639 3292 736 3358 debet
764 3293 797 3357 in
817 3292 909 3378 hujus
938 3292 1009 3357 libri
1031 3292 1182 3380 exemplis
1205 3293 1366 3380 sequenda
1377 3293 1409 3377 ¹),

286 3399 477 3488 propositam
505 3399 666 3464 materiam
693 3400 815 3465 duabus
844 3381 984 3487 partibus
1005 3399 1171 3465 absolvere
1193 3399 1307 3465 licebit
1349 3401 1410 3464 Aut

286 3509 386 3591 enim,
408 3508 493 3571 utin
514 3507 719 3572 antecedente
742 3507 837 3591 libro,
867 3508 1006 3595 epitheta
1025 3529 1101 3572 vere
1123 3507 1331 3595 epithetorum
1353 3509 1407 3593 sig-

285 3615 446 3680 nificatum
467 3614 591 3697 habent,
615 3614 672 3679 sed
689 3615 735 3679 ita
755 3624 869 3698 tamen,
891 3623 926 3679 ut
946 3615 995 3680 vel
1016 3615 1087 3700 ipsa
1108 3614 1239 3699 trajecta
1271 3615 1333 3677 sint
1360 3613 1407 3678 vel

286 3744 383 3786 unum
411 3723 583 3786 alterumve
612 3721 788 3786 membrum
818 3722 990 3800 redundet,
1023 3731 1075 3786 aut
1100 3721 1169 3808 ipsa
1202 3722 1328 3785 omnino
1350 3743 1406 3786 nou

281 3829 350 3914 jam
384 3829 546 3894 reddenda
579 3838 652 3893 sunt
694 3829 856 3915 epithetis,
898 3829 954 3894 sed
989 3830 1138 3914 genetivo
1180 3829 1317 3892 nominis
1362 3829 1406 3894 vel

287 3938 447 4000 enuntiato
491 3937 634 4001 relativo.
685 3935 921 4024 Nonnunquam
955 3938 1048 4000 etiam
1089 3957 1147 4022 pro
1183 3935 1405 4022 praepositione

288 4151 481 4160 nnuma—..nnn—

354 4288 374 4354 ¹)
393 4291 537 4342 Dolendum
564 4296 610 4351 est,
634 4291 702 4356 quod
726 4289 813 4340 Latini
839 4287 962 4340 sermonis
980 4286 1080 4355 legibus
1109 4302 1161 4337 nou
1178 4302 1235 4337 raro
1252 4285 1401 4353 impedimur,

285 4377 421 4444 quominus
447 4377 483 4429 ita
513 4378 626 4444 epitheta
651 4379 848 4438 transferamus,
873 4382 903 4426 ut
919 4391 1008 4428 sensus
1026 4374 1137 4426 maxime
1155 4375 1284 4440 postulare
1302 4373 1400 4425 videtur.

287 4465 360 4528 Quod
377 4463 422 4514 ubi
439 4465 475 4526 fit,
494 4480 509 4514 a
527 4470 613 4516 nostra
632 4464 718 4532 lingua
735 4463 859 4514 auxilium
877 4463 1042 4529 repetendum
1060 4461 1115 4513 erit.
