3072 5278
772 605 960 670 ..54-

306 788 375 852 bius
395 787 487 852 nobis
508 787 637 853 tradidit
658 785 711 871 (V.
742 787 815 869 106)
836 785 1067 871 πραυλμοχθος
1089 809 1096 848 :
1118 779 1182 849 titel
1204 779 1430 869 πρασλμοχθοι
1529 819 1530 864 γ

306 888 444 959 κοόποθ*
463 884 575 978 ἥσυχοι
588 893 661 975 δορλ
678 893 784 978 (=frg.
799 891 874 979 986)
888 894 955 956 sine
977 891 1070 956 dubio
1091 914 1154 956 non
1177 891 1324 978 exipsius
1341 891 1430 954 Euri-

308 1002 389 1089 pidis
409 1003 537 1085 ingenio
560 1001 732 1088 profectum
756 999 811 1064 sed
833 1009 943 1086 postea
963 1001 1120 1085 genuinae
1148 999 1290 1062 lectionis
1321 999 1429 1084 depra·
1529 1005 1530 1054 l

308 1109 431 1172 vatione
455 1119 598 1173 exortum
620 1109 713 1188 est1).
755 1109 868 1192 Itaque
890 1109 1042 1191 asigmata
1064 1105 1265 1192 procedant:

336 1291 338 1296 2
389 1237 538 1326 φίλοινος
560 1265 566 1304 :
588 1241 648 1326 frg.
673 1242 730 1306 184
750 1244 872 1319 μοῦσαν
891 1241 951 1304 τιν’
974 1231 1118 1322 εἰσάγεις
1138 1237 1290 1321 φίλοινον.
1313 1278 1351 1286 -
1374 1263 1433 1326 φι-
1529 1215 1530 1266 l

308 1339 438 1428 λόξενος
459 1370 466 1410 :
489 1347 557 1410 Alc.
579 1347 642 1412 830
662 1341 778 1431 όνδρός
797 1343 830 1409 ἐν
851 1344 1021 1431 φιλοξένου
1043 1338 1176 1429 dipem
1198 1347 1236 1409 cf.
1259 1367 1288 1408 v.
1310 1369 1339 1408 v.
1362 1346 1431 1428 809,
1529 1365 1530 1378 ’

307 1455 383 1534 8583
406 1451 498 1538 Cykl.
522 1453 596 1536 1253
616 1453 677 1538 frg.
697 1455 764 1517 871.
789 1490 822 1500 -
847 1445 1034 1541 φιλόψογος
1056 1475 1062 1516 :
1086 1453 1203 1517 Phocn.
1225 1452 1283 1516 198
1294 1443 1431 1539 palleo
1529 1509 1530 1540 1

306 1583 361 1645 γον
388 1561 494 1645 χρῆμα
519 1559 663 1646 θηλειῶν
693 1555 771 1644 ε”φυς
795 1597 828 1606 -
852 1561 928 1623 item
960 1560 1054 1623 etiam
1077 1559 1126 1623 El.
1150 1560 1212 1625 904
1231 1558 1429 1623 scribendum
1529 1571 1530 1580 ³

307 1678 354 1731 est
382 1667 552 1731 secundum
583 1665 712 1730 Victorii
741 1665 951 1750 conjecturam
981 1656 1161 1752 φιλόψογος
1189 1655 1286 1741 πόλις
1313 1688 1371 1752 pro
1397 1666 1431 1729 li-

309 1774 434 1838 brorum
456 1764 637 1860 φιλόφυχος
659 1766 773 1853 πόλις,
806 1773 889 1859 quod
912 1796 1006 1837 sensu
1035 1784 1126 1838 caret.
1151 1811 1185 1821 -
1210 1765 1433 1860 φιλόπιολιςτ

310 1881 405 1945 Rhes.
439 1881 496 1945 158
527 1871 720 1967 φιλόπτολις
750 1869 867 1946 Δόλων.
891 1920 926 1930 -
951 1871 1172 1967 φιλόπλουτος
1193 1903 1200 1943 :
1222 1880 1254 1946 J.
1288 1879 1326 1942 Τ.
1354 1881 1433 1944 411*

308 1989 343 2072 (ξ
373 1989 436 2067 83).
467 2024 500 2034 -
538 1979 736 2070 λιπόγαμος;
769 1987 813 2049 sic
849 1985 973 2051 Helena
1003 1997 1134 2050 vocatur
1174 1987 1229 2052 Or.
1265 1987 1433 2053 13051-
1529 2003 1530 2012 ¹

309 2090 484 2179 ἅρχέχορος
507 2117 514 2157 :
537 2093 654 2158 Troad.
687 2094 762 2160 ibt*
790 2089 894 2168 ποδός
915 2085 1102 2177 ἀρχεχόρου.
1125 2131 1159 2141 -
1183 2089 1349 2169 ἓλὲπιολις
1370 2117 1378 2158 :
1400 2094 1432 2161 J.
1529 2157 1530 2170 ,

307 2204 346 2265 Α.
382 2200 477 2265 1476*
506 2199 598 2283 (ipsud
628 2222 669 2281 με
689 2193 747 2263 τόν
768 2198 866 2266 Ἰλίου
887 2200 940 2266 καὶ
973 2202 1102 2284 Φρυγῶν
1134 2196 1319 2283 ἔλέπτολιν;
1342 2201 1379 2265 cf.
1402 2224 1431 2265 v.
1529 2179 1530 2206 ¹

309 2306 437 2395 [1511*].
459 2345 500 2357 —-
520 2308 579 2371 His
607 2289 781 2392 subjungo,
814 2305 898 2393 quod
919 2329 982 2371 non
1004 2306 1176 2371 mediocres
1197 2305 1272 2370 mihi
1305 2330 1433 2394 scrupu-
1529 2307 1530 2324 ¹

308 2417 353 2481 los
374 2415 482 2500 injecit
503 2408 684 2502 ψιύόορκος
701 2437 708 2477 :
723 2399 806 2477 Med.
822 2414 918 2480 1392*
940 2411 990 2488 τίς
1014 2413 1050 2477 δὲ
1072 2406 1160 2477 κλύει
1182 2415 1239 2478 σοῦ
1261 2410 1361 2488 θεὸς.
1378 2464 1384 2476 .
1402 2465 1432 2477 ..
1529 2415 1530 2498 l

307 2523 362 2586 τοῦ
382 2514 569 2616 ψευδόργρυ.
612 2521 676 2584 Diu
698 2522 780 2584 enim
803 2521 842 2584 de
862 2519 1011 2583 nominali
1036 2522 1147 2607 prioris
1168 2521 1300 2584 membri
1321 2531 1434 2585 natura

309 2609 540 2713 offled
561 2650 633 2690 cum
649 2628 754 2711 justus
776 2627 818 2690 ita
838 2626 913 2689 mihi
935 2648 1004 2690 non
1026 2636 1167 2691 oreretur
1182 2648 1302 2711 sensus,
1324 2627 1364 2692 ad
1380 2649 1433 2691 ex-

307 2745 440 2798 tremum
475 2756 511 2798 eo
534 2734 701 2819 perductus
734 2755 817 2816 sum,
848 2743 881 2803 ut
902 2734 1061 2798 verbalem
1086 2735 1214 2820 stirpem
1237 2733 1280 2797 illi
1303 2735 1432 2799 subesse
1529 2733 1530 2808 l

310 2839 466 2904 crederem
492 2849 711 2926 verteremque
734 2863 740 2904 :
763 2842 910 2905 mentiens
939 2843 972 2905 ι’νι
990 2843 1064 2928 jure
1081 2837 1245 2928 jurando,
1272 2843 1432 2929 perjurus.

308 2947 414 3011 Habet
442 2949 536 3032 igitur
563 2969 626 3011 non
648 2949 776 3035 objecti,
798 2947 853 3014 sed
875 2948 1033 3015 relationis
1062 2950 1114 3034 qui
1148 2959 1276 3012 vocatur
1308 2972 1430 3014 accusa·
1529 2997 1530 3038 5

308 3057 364 3118 tivi
396 3054 655 3140 significationem
694 3055 867 3118 membrum
899 3054 1116 3141 pedisequum.
1169 3054 1234 3119 Sed
1262 3057 1430 3142 simplicius
1529 3085 1530 3134 γ

306 3183 430 3248 quoque
461 3172 585 3227 vertere
614 3163 759 3247 poteris:
793 3163 853 3228 den
885 3163 953 3228 Eid
980 3163 1104 3252 lttpcnd.
1126 3199 1167 3212 -
1189 3162 1340 3230 Extremo
1361 3164 1430 3228 loco

306 3269 431 3333 nomino
452 3260 628 3351 μιαιφόνος,
651 3268 737 3354 cujus
758 3272 789 3336 in
813 3271 1023 3356 explicatione
1044 3291 1143 3357 usque
1165 3267 1206 3334 ad
1226 3269 1287 3334 hoc
1307 3281 1430 3359 tempus

308 3375 422 3441 frustra
444 3374 645 3439 elaborabant
666 3376 724 3439 viri
747 3376 837 3440 docti.
864 3377 1053 3462 Nuperrimc
1075 3377 1201 3445 tandem
1216 3374 1345 3443 Curtius
1366 3401 1429 3442 rec-

307 3491 371 3546 tam
392 3483 474 3546 viam
497 3501 534 3544 eo
555 3490 603 3544 cst
624 3482 804 3566 ingressus,
838 3483 921 3568 quod
944 3484 1080 3570 priorem
1102 3483 1229 3569 epitheti
1250 3494 1371 3570 partem
1392 3485 1430 3550 ad
1529 3519 1530 3522 ¹

306 3589 436 3654 verbnm
467 3587 741 3673 quoddammodo
769 3589 870 3652 redire
887 3589 1041 3675 judicavit
1054 3591 1081 3674 ²)
1104 3591 1157 3676 (of.
1180 3593 1200 3672 ξ
1222 3593 1251 3673 8,
1270 3591 1291 3656 6
1311 3613 1344 3678 p.
1366 3592 1428 3677 32).
1529 3641 1530 3652 .

305 3691 481 3760 Constituto
513 3694 607 3779 igitur
638 3695 812 3779 veriloquio
838 3697 907 3781 jam
937 3695 976 3760 de
997 3698 1067 3780 ipsa
1095 3695 1324 3780 significatione
1345 3699 1429 3764 vocis

304 3801 470 3885 quaeritur,
495 3799 534 3866 de
556 3823 619 3886 qua
641 3804 673 3866 ni
694 3802 787 3866 fallor
807 3802 967 3889 hucusque
1000 3801 1127 3888 quidem
1149 3803 1252 3869 minus
1274 3827 1370 3891 quam
1391 3807 1428 3872 de
1529 3847 1530 3852 κ

304 3905 488 3971 formatione
510 3909 568 3970 viri
590 3910 673 3972 docti
695 3909 879 3993 cogitarunt.
914 3909 1021 3986 Quare
1045 3910 1191 3997 equidem
1212 3912 1429 4016 Qa-

302 4115 496 4130 om*-

374 4229 393 4292 ¹)
413 4232 602 4286 Heimscetbius
619 4227 832 4312 ιιεριοσόγοχθοι
850 4236 927 4286 scribi
941 4237 1030 4302 jubet;
1052 4237 1109 4288 aliis
1126 4237 1223 4304 placuit
1239 4243 1428 4318 ηλροὶμοχθοι.

375 4323 397 4388 *)
414 4326 453 4378 De
482 4342 545 4376 voce
573 4323 711 4403 μιαιφόνος
740 4343 806 4393 qnae
824 4333 900 4380 antes
927 4328 975 4380 viri
1004 4330 1072 4380 docti
1101 4331 1227 4385 senserint
1254 4332 1390 4400 diligenter
1416 4351 1430 4386 ι

308 4409 430 4460 Clcmmio
449 4417 571 4478 congesta
587 4413 711 4478 invenies,
729 4414 761 4466 de
779 4429 861 4480 comp.
878 4414 921 4464 Gr.
939 4429 995 4480 squ.
1012 4430 1037 4480 p.
1057 4420 1088 4466 14
1104 4422 1155 4470 not.
1175 4420 1214 4468 38.
