3076 5294
588 590 809 654 -161-

131 795 204 837 cnm
253 794 327 836 ceau
362 770 537 857 pedisequo
583 793 642 858 per
684 772 795 837 miram
850 771 1133 858 breviloquentiam
1175 793 1272 836 unum

131 889 303 966 usurpatur
324 878 495 966 epitheton.
518 877 610 942 Haec
624 881 799 944 variarunt
813 900 942 964 genera,
957 877 1071 963 quibua
1086 877 1277 942 artificiosus

1 967 2 970 Ἴ
128 986 179 1050 ille
200 986 413 1073 epithctcrum
428 1007 504 1050 naus
519 986 604 1071 apud
619 985 806 1073 Euripidem
820 987 1007 1068 illustratur3
1029 1006 1088 1049 nec
1101 983 1152 1048 hic
1166 992 1272 1049 temen

127 1094 249 1180 primus
270 1092 341 1175 fuit,
365 1094 418 1179 qui
440 1093 494 1156 illa
515 1094 658 1177 invenit,
682 1093 739 1158 aed
761 1095 857 1158 etiam
880 1093 1054 1181 Sophoclea
1075 1100 1107 1155 et
1127 1091 1272 1178 Aeschy-

126 1201 173 1264 lns
189 1200 260 1285 jam
282 1208 378 1264 antea
398 1222 463 1264 non
484 1199 602 1264 frustra
623 1201 656 1265 in
672 1203 718 1265 eia
734 1201 984 1267 elaboraverunt.
1016 1200 1170 1265 Attamen
1192 1200 1272 1268 aliua

125 1307 157 1370 in
188 1307 252 1371 alio
282 1327 399 1391 genere
432 1308 534 1393 magia
554 1307 681 1372 videtur
702 1307 878 1373 delectetur
903 1331 990 1391 eeee3
1023 1309 1086 1391 sic,
1117 1316 1269 1397 quantum

124 1413 255 1499 quidem
284 1413 397 1480 eJ0h.
422 1413 589 1480 Schmidtii
614 1415 838 1481 dissertatione
859 1417 1045 1501 intellegere
1067 1417 1162 1499 licuit,
1192 1437 1270 1503 pree
1325 1410 1328 1459 '¹

123 1523 238 1587 ceteris
260 1520 431 1609 Euripides
461 1524 494 1586 in
525 1522 722 1588 abundantia
743 1534 775 1588 et
795 1523 926 1610 epitheti
958 1546 1015 1610 pro
1038 1523 1186 1615 genetivo
1209 1544 1270 1586 nau

122 1629 333 1694 creberrimus
354 1629 422 1696 fint.
459 1599 781 1715 fflo
805 1629 933 1717 quidem
954 1640 988 1694 et
1009 1627 1160 1717 Sophocli
1182 1629 1271 1694 defu·
1334 1684 1336 1693 ,

121 1747 235 1819 erunt,
269 1758 402 1822 qnorum
425 1736 466 1801 ed
499 1739 682 1824 exemplum
716 1737 768 1801 ille
800 1759 858 1801 eua
888 1747 1105 1823 componeret3
1141 1755 1204 1824 qno
1239 1738 1272 1799 in

121 1865 241 1930 genere
264 1843 305 1908 cf.
326 1843 420 1908 Hom.
443 1847 479 1908 P.
507 1846 566 1911 156
589 1840 620 1908 εἰ
640 1841 707 1928 ydp
728 1849 784 1908 νῦν
806 1834 960 1929 Τρώεσσι
980 1844 1077 1924 μένος
1097 1842 1269 1929 πολυθαρ·

119 1952 174 2027 nic
208 1946 295 2037 ἐνείη
323 1953 355 2014 i..
369 1973 406 2024 .e.
439 1953 533 2032 μένος
566 1945 659 2016 πολύ
671 1976 678 2034 ;
715 1951 867 2016 Batrach.
902 1951 962 2015 195
989 1950 1160 2030 μυοκτόνον
1192 1946 1271 2035 τρό-

118 2081 217 2125 παιον
247 2060 267 2123 i.
290 2081 317 2124 e.
338 2056 423 2140 μυός
443 2056 620 2136 „sacenae
641 2055 823 2146 τρόπαιονς
856 2058 938 2122 Hes.
961 2058 1024 2146 Op.
1046 2061 1108 2124 502
1128 2049 1271 2145 βουδόρα

118 2164 231 2254 ἤματα
262 2169 283 2231 i.
305 2189 332 2232 e.
365 2167 432 2232 dies
464 2168 577 2253 quibua
605 2168 706 2232 boves
738 2167 963 2232 absumuntur.
1018 2166 1058 2232 In
1088 2169 1272 2234 universum

117 2287 223 2342 autem
246 2275 301 2361 qui
317 2275 468 2360 tragicm.
481 2274 610 2358 demum
620 2272 1274 2370 'arti-li-c-ipaummepithe-torp-mpannaex-

117 2385 253 2449 coluisse
274 2365 365 2472 dicet,
386 2383 413 2446 ia
435 2404 512 2446 vera
534 2383 641 2446 dicere
654 2363 899 2447 'existimandus'
918 2381 989 2446 erit.

562 2695 816 2704 Ἢ

621 2709 624 2718 ι

549 2989 667 3088 Pars
700 2990 844 3118 prior.

360 3221 522 3322 lpltlrcta
546 3220 709 3321 cpltlrctls
735 3221 907 3302 vertenda
932 3223 1024 3302 snnt

596 3499 719 3586 OAP.
749 3501 782 3585 I.

469 3723 517 3790 lle
538 3721 680 3809 epitheti
700 3723 911 3809 trajectione

206 3908 226 3986 ξ
249 3906 298 3969 71.
341 3901 547 3970 Substantivo
570 3927 642 3970 cum
672 3906 820 3990 genetivo
843 3905 893 3969 vel
915 3905 1117 3970 antecedenti
1135 3909 1187 3972 vel
1208 3933 1263 3996 pe-

120 4013 257 4098 disequo
287 4013 313 4075 ai
341 4011 427 4098 quod
449 4013 611 4100 epitheton
633 4011 759 4078 additur
779 4012 954 4078 secundum
976 4012 1113 4098 logicam
1135 4015 1263 4101 quidem

120 4121 279 4185 rationem
300 4118 341 4182 ad
363 4119 457 4206 hujus
477 4122 637 4186 notionem
659 4119 872 4205 referendum,
895 4120 953 4186 aed
974 4143 992 4186 e
1013 4123 1135 4188 ratione
1157 4145 1261 4208 gram·

118 4228 239 4294 metica
259 4249 280 4291 a
312 4226 507 4293 substantivo
529 4229 679 4316 primario
702 4240 826 4316 aptum,
857 4229 1002 4316 trajectio
1030 4251 1112 4316 qnae
1132 4240 1263 4297 vocatur

118 4335 253 4425 epitheti
261 4335 482 4420 oritur.Atque
492 4337 524 4400 in
533 4337 714 4402 universum
724 4336 987 4424 triatrejectionie
995 4347 1264 4422 generaatatnere

118 4443 245 4534 poteria
265 4464 325 4530 pro
346 4443 473 4506 vinculo
496 4443 614 4508 scilieet
634 4444 727 4509 modo
749 4446 865 4510 artiore
886 4445 980 4511 modo
996 4443 1186 4528 infirmiore,
1207 4465 1272 4536 qno

1023 4547 1060 4614 ll
