3076 5294
861 582 1080 647 -176-

406 790 500 854 quarn
522 766 671 852 adjectivi
694 765 842 852 simplicis
863 765 1002 852 priorum
1034 763 1246 826 membrorum
1269 761 1419 825 notiones
1443 783 1503 824 em

406 875 520 939 mentis
541 876 657 960 inopia.

487 982 659 1069 Reliquum
680 988 738 1058 est,
760 989 795 1044 ut
815 978 1159 1066 epitheta‘depromam
1183 1000 1252 1042 oum
1276 978 1434 1041 enuntiati
1450 999 1488 1037 v·
1503 976 1510 1029 ἱ

405 1091 601 1176 aliquetenus
637 1109 749 1152 sensus
780 1085 906 1150 vinculo
941 1084 1105 1171 copulate3
1138 1084 1214 1149 talia
1244 1084 1343 1149 habes
1367 1082 1443 1148 Hel.
1469 1069 1491 1147 3‘

310 1213 314 1232 ··
405 1193 521 1277 λεχέων
547 1194 669 1275 ἐπέβας
689 1186 908 1279 ιειροβόμοοι
929 1194 1049 1277 yolum
1078 1190 1118 1255 of.
1141 1190 1261 1256 Phoen.
1284 1191 1382 1275 809*;
1403 1227 1447 1239 —-
1483 1196 1512 1255 u.

406 1306 464 1369 fur.
489 1303 586 1369 1069*
606 1301 825 1387 παλίντροπος
847 1301 1039 1387 οιρέφοιαις
1061 1335 1098 1346 -
1122 1297 1233 1386 Suppl.
1262 1299 1323 1365 388
1344 1298 1475 1363 παλίασ
1510 1336 1513 1345 .

407 1416 524 1493 στεῖχε,
546 1412 600 1475 ubi
621 1411 726 1497 priora
746 1409 898 1492 membra,
920 1409 946 1471 si
968 1409 1036 1471 sola
1057 1416 1172 1490 essent,
1194 1407 1322 1492 plenam
1343 1407 1414 1492 jam
1443 1409 1513 1473 effi

407 1529 480 1584 rent
502 1520 709 1598 sententiam
731 1518 807 1580 item
830 1515 985 1580 secundae
1006 1524 1126 1601 partes,
1149 1517 1175 1579 si
1197 1514 1363 1597 abessent,
1385 1515 1443 1579 vix
1467 1517 1511 1580 de.

407 1626 591 1692 dotarentur
617 1625 651 1691 J.
672 1623 711 1688 T.
736 1625 815 1690 1008
847 1615 1026 1708 κοινόφρων
1053 1621 1091 1688 δέ
1111 1643 1164 1687 σοι
1185 1621 1240 1687 καὶ
1262 1621 1320 1708 ζῆν
1339 1619 1474 1703 θέλοιμ’
1502 1658 1513 1677 ι

406 1732 481 1799 don.
503 1734 563 1798 577
587 1736 692 1812 στεῖχε
715 1729 899 1816 κοινόφρων
919 1728 1040 1816 πατρός
1067 1729 1129 1816 frg.
1159 1727 1336 1819 [lutose]
1366 1730 1418 1806 τίς
1439 1727 1458 1796 ό
1478 1757 1511 1793 κ,

406 1833 560 1924 νότροπος
581 1831 676 1914 οὗτος
696 1839 804 1920 μῦθος
825 1841 893 1902 κατ’
921 1833 1001 1919 έμοέν
1021 1827 1096 1921 ἧκεν
1117 1829 1251 1921 οἷκουόνς
1279 1838 1378 1903 Rhes.
1403 1840 1468 1904 762
1499 1870 1503 1875 ·

409 1949 504 2029 eope
534 1947 739 2027 πεδοστιβέῒς
770 1949 805 2028 (ξ
826 1947 900 2029 86),
932 1946 1054 2010 etiamsi
1084 1947 1118 2010 in
1141 1946 1188 2009 his
1219 1967 1323 2032 neque
1344 1947 1517 2010 substanti

407 2077 511 2141 neque
539 2055 637 2119 verba
664 2054 728 2118 nlla
750 2076 820 2118 oum
852 2054 929 2140 ipsis
951 2052 1097 2139 epithetis
1119 2053 1291 2118 cohaerent
1311 2056 1449 2118 notionis
1471 2078 1508 2119 eo

409 2164 537 2227 natione
559 2164 593 2245 (ξ
614 2163 654 2226 74
674 2185 705 2248 p.
729 2161 813 2246 174).
1193 2159 1203 2178 ’
1527 2169 1529 2231 t

489 2275 509 2352 ξ
532 2272 580 2335 76.
625 2269 719 2333 Nune
744 2268 786 2332 ad
806 2268 965 2356 perfectae
986 2266 1197 2332 abundantiae
1228 2268 1376 2355 exempla
1396 2291 1449 2333 me
1472 2274 1530 2336 cori

407 2388 506 2458 verto,
528 2378 560 2441 in
582 2377 697 2464 quibus
719 2375 878 2462 superflua
898 2376 1041 2440 membra
1061 2398 1102 2440 ne
1125 2376 1299 2440 transferre
1323 2375 1452 2462 quidem
1473 2400 1531 2464 pos-

409 2508 526 2550 sumus.
549 2523 589 2534 —-
610 2486 660 2548 Ao
680 2485 781 2571 primo
803 2482 931 2569 quidem
952 2484 1021 2548 loeo
1044 2483 1183 2571 epitheta
1203 2483 1389 2570 procedant,
1412 2507 1533 2570 quorun

407 2594 573 2680 primariae
604 2601 710 2678 partes
743 2591 900 2676 adjectiva
930 2599 1005 2655 sunt
1037 2615 1044 2654 ε
1075 2590 1174 2678 Hipp.
1206 2591 1286 2656 827*
1316 2584 1415 2672 τόχαν
1449 2588 1534 2656 σέθεν

407 2689 635 2786 βαρόπυιμονς
657 2700 696 2762 ef.
719 2699 839 2763 Phoen.
865 2699 977 2780 1345*;
999 2735 1040 2746 —
1060 2696 1158 2785 Hipp.
1181 2698 1260 2762 668*
1280 2704 1466 2780 κακοτυχεῖς
1485 2723 1534 2784 yo-

408 2814 522 2874 ναινῶν
553 2801 684 2887 πότμοι,
716 2807 769 2871 ubi
791 2828 923 2888 caveae,
951 2826 992 2869 ne
1012 2806 1179 2891 trajectum
1201 2827 1271 2870 esse
1293 2806 1455 2894 epitheton
1479 2809 1534 2870 exi·

408 2917 533 2997 etimes3
557 2949 590 2961 -
615 2911 698 2978 Med.
724 2914 800 2978 176*
820 2901 1013 2999 βαρύθυμον
1033 2905 1147 2997 ὀρφόνς
1173 2949 1205 2959 -
1230 2909 1287 2980 Or.
1313 2913 1392 2980 1198
1413 2907 1534 2997 όξυθό-

407 3043 469 3103 μου
490 3010 708 3106 φρονήματοςς
734 3020 1012 3086 Ηοοοο1.388ιιῦν
1030 3011 1242 3106 φρονημάτων
1262 3023 1325 3087 τῶν
1346 3017 1425 3106 dyas
1444 3019 1534 3108 όπερ-

408 3126 538 3214 φρόνων
588 3129 642 3193 ubi
702 3151 829 3192 sensum
877 3129 1027 3215 simplicis
1086 3121 1208 3213 όπαρος
1258 3153 1409 3216 superus,
1457 3131 1534 3217 quod

409 3238 538 3323 quidem
560 3235 649 3300 deest
670 3233 821 3318 Graecis,
845 3235 1050 3322 eompositum
1073 3235 1256 3323 adsumpsit.
1299 3237 1381 3305 Cum
1404 3239 1451 3302 his
1471 3261 1534 3302 eon·

409 3347 491 3409 feras
523 3346 584 3430 frg.
614 3342 730 3420 364134
751 3334 976 3426 γυναικόφρων
1010 3339 1071 3428 γαρ
1092 3336 1197 3425 θυμός
1231 3334 1347 3430 α’νδρός
1382 3336 1421 3410 οό
1440 3347 1534 3431 σοφοί

409 3455 431 3517 ι’.
453 3475 477 3517 a
507 3451 685 3532 muliebria,
717 3452 922 3537 effeminatus.
973 3450 1114 3516 Secundi
1140 3453 1274 3517 membri
1301 3454 1351 3517 vis
1383 3465 1534 3542 praeterea

410 3561 539 3626 evanuit
569 3558 669 3622 Andr.
704 3560 784 3640 1155
817 3557 920 3639 δέμας
942 3555 1181 3646 καλλίμορφοη
1213 3561 1357 3648 epitheta
1389 3563 1534 3627 antemio

410 3687 513 3741 -πους
534 3665 677 3730 cadentia
710 3688 772 3752 qua
804 3676 870 3730 arte
891 3677 985 3752 poeta
1006 3677 1115 3732 noster
1135 3667 1312 3734 adhibuerit
1333 3682 1457 3756 praeter
1477 3670 1534 3732 lau-

413 3773 522 3838 datum
555 3774 623 3859 jem
658 3763 845 3856 ουφλόπους
876 3775 911 3857 (ξ
947 3776 1001 3859 74)
1038 3776 1140 3840 elucet
1174 3777 1269 3840 etiam
1304 3797 1344 3841 ex
1378 3776 1457 3841 Heo.
1484 3777 1534 3839 66*

411 3872 606 3965 βροδόπουν
635 3871 744 3965 ἢλαοιν
775 3871 926 3965 όέρθρων,
958 3881 1020 3966 frg.
1048 3884 1111 3946 544
1132 3874 1325 3960 isandeone
1355 3878 1454 3967 βοέοις
1486 3905 1534 3969 pas

411 3989 553 4054 ἰαοπόοιιο
565 3989 612 4071 ¹),
644 3988 677 4054 J.
713 3991 753 4052 A.
791 3985 874 4075 [421]
911 3978 1115 4078 οἷναψόχονοι
1149 3983 1322 4076 θηλύπουν
1356 3990 1466 4073 seem
1500 3989 1533 4052 ef.

409 4096 545 4179 τρίπους
565 4087 749 4177 χαλκόπους
767 4094 881 4182 Suppl.
905 4098 993 4162 1197.
1036 4096 1138 4163 Nimis
1163 4119 1264 4184 paene
1280 4110 1473 4186 exaggerata
1493 4109 1534 4161 est

482 4429 502 4499 ¹)
521 4433 552 4482 es.
571 4430 753 4494 scaenarum,
772 4432 790 4484 ι.
809 4445 830 4482 ι.
850 4447 873 4496 p.
893 4434 935 4484 as.
