3076 5294
791 666 1013 732 -180—

333 845 507 914 Schmidtio
529 849 668 914 concedo
681 848 717 933 ¹),
739 847 1063 936 praeterquamquod
1078 848 1104 912 is
1127 845 1342 914 Valckenario
1365 867 1486 910 essen-

331 957 408 1020 titur
445 955 594 1020 scribenti
626 979 656 1020 ιι.
688 955 767 1021 821*
799 959 957 1041 καοοκοοᾷ
976 957 1035 1036 μὲν
1066 946 1124 1020 οὖν
1144 949 1286 1036 ἀβίωτος
1317 952 1394 1036 βίος
1419 974 1483 1040 pro

333 1061 505 1149 depravete
535 1063 685 1128 librorum
720 1062 853 1130 lectione
885 1057 1046 1128 κοτακονᾰ
1074 1061 1135 1144 μὲν,
1168 1050 1223 1128 οὖν
1254 1058 1391 1143 ἄβλοτος
1417 1063 1484 1144 (sic

331 1168 529 1249 Mercienus3
562 1170 661 1235 ceteri
692 1164 844 1250 ἀβίωτος)
876 1171 962 1251 βίον.
1006 1169 1059 1234 Ex
1091 1171 1152 1246 hen
1182 1172 1268 1236 enim
1290 1169 1483 1254 conjecture

331 1277 409 1363 quid
429 1277 507 1342 lucri
521 1277 677 1342 redundet
690 1299 803 1365 parum
824 1277 991 1365 perspicio.
1013 1276 1174 1364 Equidem
1187 1279 1232 1342 ite
1253 1277 1362 1364 potius
1377 1276 1481 1342 Euri·

329 1385 437 1470 pidem
458 1386 605 1472 scripisse
621 1384 866 1470 judicaverim:
883 1372 1480 1512 va,

329 1495 487 1556 xexoes’
551 1514 586 1555 ro
507 1478 709 1596 Qui]
773 1489 833 1566 λος
853 1486 1047 1576 πέλογος’
1017 1491 1149 1575 ειοορῶ,
1169 1493 1203 1556 in
1225 1513 1288 1578 qno
1310 1481 1481 1556 καιοιιονά

331 1573 506 1664 secundum
507 1493 715 1664 scholiastae
737 1621 821 1684 expr
812 1597 980 1664 restionem
1001 1597 1086 1662 velet
1109 1589 1360 1686 ncuupdopo't'),
1381 1593 1477 1680 α’βίο-

329 1729 383 1772 τοι
404 1715 511 1771 autom
533 1715 651 1770 statute
672 1704 802 1792 epitheti
822 1706 1008 1790 trajectione
1019 1727 1079 1792 pro
1093 1695 1230 1786 οἷβιὸτου
1252 1715 1300 1771 est
1320 1709 1476 1794 positum.

330 1813 427 1894 Quod
448 1816 474 1878 si
495 1823 584 1878 tenes
606 1808 917 1892 κατακονιὶιλβλοτος
928 1808 1004 1894 βίον
1025 1813 1106 1897 (sive
1123 1804 1263 1894 οἷβιόιοο
1282 1813 1374 1900 βίον)
1390 1818 1475 1882 ecci-

329 1922 420 1986 diem
435 1923 519 1986 uites
538 1920 707 2005 significet,
728 1943 809 2005 quoe
821 1920 878 1986 λοο
898 1921 968 2007 e'peo
989 1912 1057 1986 οιλο
1076 1944 1140 1985 eon
1155 1923 1228 2008 jane
1247 1923 1290 1988 et't
1310 1924 1332 1988 ι’.
1354 1947 1379 1988 e.
1396 1948 1474 2010 pet·-

329 2030 448 2114 fecttmt
467 2031 552 2094 uitae
571 2027 749 2112 οςοοίιλίοοις
772 2049 956 2114 comparare
969 2029 1067 2114 igitur
1079 2027 1165 2093 huuc
1185 2028 1290 2094 locum
1311 2030 1387 2096 lieet
1401 2053 1474 2096 cum

332 2136 451 2202 Troed.
487 2137 584 2202 1292*
618 2132 640 2201 οἱ
662 2137 701 2203 dd
720 2129 942 2220 μεγαλόπολις
962 2126 1081 2212 ἄπολις
1100 2130 1222 2202 ὄλωλεν
1252 2139 1273 2202 ι’.
1295 2161 1319 2202 ο.
1342 2152 1378 2204 ut
1398 2140 1474 2203 urbs

330 2269 394 2310 ιιοιι
411 2246 482 2332 jam
502 2259 579 2310 esset
606 2245 635 2309 h.
666 2268 689 2310 ο.
712 2244 862 2326 funditus
882 2268 990 2310 eversa
1011 2258 1075 2326 eet,
1106 2244 1162 2309 ubi
1193 2247 1269 2310 item
1291 2247 1472 2334 proleptico

331 2352 564 2438 quodammodo
584 2373 680 2418 sensu
701 2354 866 2440 epitheton
886 2361 1071 2440 usur-petum
1092 2353 1188 2438 est⁸).

413 2460 577 2548 Perpauce
591 2483 676 2525 nune
690 2461 829 2549 epitheta
843 2461 980 2548 profero,
1001 2463 1036 2525 in
1050 2460 1163 2548 quibus
1177 2461 1354 2526 nominalis
1373 2482 1469 2524 mem·

239 2585 240 2590 ’
329 2567 386 2632 bre
418 2569 444 2631 si
473 2590 538 2632 non
558 2570 692 2634 eandem
721 2577 756 2633 et
785 2569 919 2634 similem
948 2578 1031 2632 certe
1064 2569 1251 2634 sententium
1272 2567 1410 2651 hebent,
1432 2589 1470 2631 ec

330 2675 537 2758 substantive,
560 2675 675 2761 quibus
696 2677 766 2762 ipse
787 2684 859 2740 sunt
879 2674 996 2740 addite.
1039 2671 1111 2752 Quo
1134 2675 1166 2738 in
1187 2696 1307 2759 genere
1337 2674 1469 2739 Wcilius

324 2784 393 2868 jum
414 2793 522 2849 monet
542 2777 663 2867 ἄλυρον
685 2773 773 2868 ἀμφὶ
791 2787 917 2862 μοῦσαν
931 2781 1051 2846 Phoen.
1068 2781 1175 2864 1028*,
1197 2782 1253 2846 uhi
1268 2780 1308 2848 dc
1323 2782 1468 2869 Sphinge

328 2892 442 2974 agitur,
464 2889 547 2955 idem
569 2891 684 2972 velere,
706 2889 792 2976 quod
813 2883 956 2970 ἄμουσον
977 2883 1063 2975 ἀμφὶ
1083 2888 1222 2972 μοῦοονς
1243 2889 1468 2956 cf.Het.185*

328 2993 454 3085 οἰκτρὰν
483 2988 603 3078 ὅμαδον
632 2992 775 3081 ἐίιλοοο,Ι
792 2993 911 3084 ἄλυρον
932 2993 1039 3082 ἔλεγον
1060 3007 1095 3062 et
1113 2996 1146 3062 J.
1169 2996 1208 3062 T.
1234 2998 1312 3064 146*
1333 2989 1468 3085 οἷλιλροις
1527 3047 1528 3053 1

328 3099 452 3189 ἐλέγοις
478 3107 612 3192 threnis,
642 3132 663 3172 ο
683 3107 797 3193 quibus
817 3090 940 3171 alienus
970 3120 1015 3172 est
1034 3106 1124 3194 lyrae
1143 3119 1310 3172 οοοοοοοοο
1329 3108 1353 3172 t’.
1374 3129 1399 3172 e.
1419 3107 1467 3170 ιἰι-

326 3213 456 3298 faustds.
501 3213 673 3280 Manifesto
695 3224 803 3280 autem
823 3235 935 3280 sensus
956 3215 1055 3280 oleret
1086 3213 1256 3278 verborum
1278 3204 1468 3294 οἷμοοοοιά-

328 3343 417 3387 ιοιιοι
436 3318 493 3387 οὐν
510 3314 617 3406 ’ᾠδαῖς
637 3322 758 3386 Phoen.
782 3321 861 3386 808*
884 3322 995 3404 (schol.
1019 3345 1027 3385 :
1050 3324 1180 3402 κακοῖς,
1204 3315 1385 3406 οἷοαφέοιν,
1406 3316 1466 3405 οή-
1526 3389 1527 3392 ,

328 3425 399 3493 δέοι
412 3425 514 3494 droise*
527 3432 589 3493 τῶν
597 3419 820 3515 φόνωνολολον
830 3420 977 3514 εἶναψ).
995 3428 1050 3496 Ad
1064 3439 1242 3495 extremum
1256 3430 1320 3494 huc
1333 3430 1466 3494 fortasse
1526 3431 1527 3485 l

399 3627 420 3698 ¹)
437 3629 455 3681 1.
474 3645 496 3681 e
513 3645 538 3696 p.
557 3631 597 3680 39.

397 3721 419 3790 ¹)
436 3724 612 3790 Repetendum
636 3725 686 3774 hoc
703 3731 743 3775 est
760 3741 776 3774 ιι
792 3725 877 3776 redies
902 3720 934 3782 ἀι
951 3725 1032 3789 (Gurt
1051 3724 1108 3776 (ir.⁴
1128 3727 1195 3794 130),
1212 3742 1273 3790 non,
1290 3731 1322 3777 ut
1337 3727 1464 3794 Hertung·

329 3810 370 3860 ius
397 3813 430 3874 (ιι.
448 3809 478 3876 l.)
497 3809 595 3872 voluit,
623 3825 638 3859 e
664 3816 749 3866 solve.
785 3809 886 3861 Similis
912 3811 1074 3862 substantive
1102 3827 1258 3878 quemquem
1276 3821 1379 3878 praesto
1404 3813 1464 3863 mihi
1525 3851 1526 3876 p

329 3911 380 3945 non
406 3901 481 3958 sunt,
499 3896 627 3962 adjectivo
653 3903 739 3946 temen
762 3891 991 3972 upon-o-vp-rt-up'
1024 3897 1070 3963 (sc.
1088 3899 1180 3974 τέχνῃ)
1199 3899 1263 3948 Plst
1282 3899 1359 3951 Polit.
1378 3903 1424 3952 282
1441 3905 1466 3954 B
1525 3877 1526 3917 l

329 3981 405 4032 etium
423 3977 524 4058 spcuc'm
540 3982 728 4034 substantivum
746 3983 854 4034 texendi
869 3984 996 4034 actionem
1015 3983 1163 4050 significuus
1181 3984 1318 4051 eliquendo
1336 3985 1464 4037 exstitisse

329 4068 392 4118 setis
409 4070 537 4134 probetur.

397 4160 419 4228 ⁸)
438 4163 589 4229 Corruptele
614 4163 652 4216 ite
677 4163 781 4216 videtur
799 4171 854 4216 orte
871 4182 942 4230 esse,
970 4173 1001 4218 ut
1017 4165 1146 4218 exstincte
1162 4156 1304 4216 nemausi
1321 4159 1462 4221 ιιιιοκονᾶν

329 4253 389 4298 suto
413 4272 434 4326 μ
459 4247 544 4300 littere
561 4271 575 4306 ν
593 4243 706 4326 ἀβίοτον
722 4251 815 4302 deiude
833 4251 859 4302 in
879 4246 991 4327 ἀβιοιος
1008 4257 1164 4312 mutaretur5
1191 4265 1262 4302 nune
1279 4267 1341 4303 vero
1359 4251 1460 4304 verbnm

329 4333 533 4397 denusrebctur.
559 4351 637 4402 quem
656 4337 688 4388 oh
713 4352 817 4388 oensem
835 4336 904 4390 idem
926 4339 971 4390 ills
988 4338 1128 4390 scholitets
1143 4340 1276 4412 κατέλαβε
1293 4337 1461 4404 supplendum

330 4435 385 4470 esse
403 4419 466 4482 vult,
484 4421 649 4488 quodquam
665 4423 781 4490 ineptum
799 4423 833 4476 eit
850 4423 1027 4491 uuusquisque
1045 4421 1182 4490 intellegit

397 4513 419 4582 ⁴)
438 4514 476 4565 cr.
494 4515 572 4566 seam
590 4509 656 4586 trag
673 4510 837 4592 ἀχορεύτους
854 4519 945 4569 rese.
962 4516 1042 4580 tw,
1061 4519 1218 4572 suemus
1234 4517 1332 4571 aare·
1348 4533 1399 4572 m
1421 4533 1457 4567 e-
1523 4537 1524 4554 1

329 4599 464 4654 labrandius
480 4601 497 4652 λ
515 4619 535 4654 e.
553 4603 641 4656 οιολοι.
