3030 5266
741 609 959 674 -122..

272 811 339 854 -uau
368 790 481 882 nihil}
502 791 673 882 Horrrerioo
695 779 822 858 ἱππότα
842 789 963 874 differt3
993 799 1162 876 utrumque
1184 788 1267 852 enim
1290 809 1329 852 eo
1350 796 1418 851 tan-

279 881 346 961 tum
367 898 460 981 valet,
481 877 703 963 ut'hilitarem
724 899 793 984 ejus
810 898 958 963 virtutem
979 897 1036 962 tibi
1053 904 1281 982 repraesentet,
1303 896 1355 960 cui
1369 904 1420 958 est

277 1006 384 1090 ipsum
405 1004 555 1070 additum.
591 1004 705 1092 Itaque
725 1006 806 1070 bene
817 1006 884 1091 jam
904 1005 946 1068 'ad
962 1004 1018 1071 Or.
1043 1004 1141 1070 1000*
1163 1001 1292 1088 Ἀτρέος
1313 1001 1419 1068 ἱππο-

278 1101 364 1193 βότα
379 1112 546 1177 scholiasta
560 1123 667 1177 monet
687 1103 853 1194 ἱπποδότα
873 1107 998 1187 ἵππους
1017 1113 1189 1198 τρέφοντος
1209 1109 1278 1175 καὶ
1298 1104 1420 1184 ἵπποις

277 1217 507 1300 ἐπιβαίνοντος,
530 1220 615 1306 quod
637 1219 764 1306 quidem
786 1220 923 1284 librariis
937 1219 1160 1283 nonnullorum
1173 1218 1304 1282 minoris
1325 1225 1418 1281 notae

279 1326 423 1392 codicum
453 1329 497 1392 ita
527 1326 629 1394 fraudi
662 1327 758 1392 fuisse
791 1325 933 1410 ridetur,
966 1336 1005 1408 ut
1028 1326 1213 1413 Euripidem
1245 1317 1419 1406 λπποβότα

279 1435 443 1520 scripsisse
465 1457 535 1498 oum
557 1434 800 1515 arbitrarentur,
822 1435 883 1498 hoc
912 1435 1006 1500 etiarn
1028 1435 1060 1498 in
1085 1443 1206 1498 textum
1229 1433 1419 1519 reciperent.

278 1544 330 1606 De
351 1540 397 1628 ,J.
421 1541 461 1607 A.
486 1543 584 1608 1059*
614 1539 733 1618 θίασος
764 1535 877 1624 ἔμολεν
908 1531 1096 1620 ἱπποβότας
1131 1533 1344 1626 Κενταύρων,
1365 1541 1420 1605 ubi

278 1643 469 1733 ἱπποβότας
490 1649 691 1715 scribendum
711 1673 775 1715 non
797 1651 877 1715 bene
892 1650 953 1714 Tb.
969 1649 1180 1737 Gompereius
1193 1649 1219 1731 ²)
1245 1650 1420 1736 proposuit,

278 1759 359 1838 §72
389 1757 536 1844 inspicias
558 1756 748 1822 -Novum
781 1758 898 1823 Bacchi
932 1758 1092 1846 epitheton
1123 1759 1222 1822 hebes
1257 1755 1336 1820 Her.
1358 1756 1419 1820 fur.

278 1866 357 1933 682*
390 1858 530 1951 Βρόμιον
560 1857 735 1932 οἰνοδόταν.
755 1905 795 1916 -
817 1867 961 1932 Mutilata
993 1865 1099 1948 suffixi
1130 1879 1164 1930 to
1185 1865 1287 1929 forma
1309 1865 1344 1948 (ξ
1371 1865 1420 1939 10)

279 1976 470 2060 conspicitur
484 2033 485 2036 ,
499 1977 533 2038 in
565 1964 744 2061 α’νδροιιμής
774 1976 860 2040 eirca
902 1974 1105 2062 defatipoas,
1137 1974 1222 2059 quod
1257 1973 1421 2058 praeclare

279 2081 319 2147 de
338 2081 601 2168 pugnadioitur:
623 2082 733 2168 Suppl.
749 2084 810 2150 525
825 2074 1050 2167 ἀνδροκμῆτας
1064 2077 1259 2166 προσφέρων
1273 2075 1421 2165 αἰγανέας.

277 2186 316 2250 ln
347 2209 420 2274 τορ
452 2188 535 2254 cadit
556 2188 764 2274 παιδολέτωρ
787 2213 794 2253 :
818 2190 915 2264 Rhea.
945 2189 1026 2256 549*
1051 2182 1256 2272 παιδολέτωρ
1287 2183 1424 2272 αἠδονὶς

278 2299 311 2380 (ᾗ
329 2295 350 2360 2
371 2319 403 2382 p.
426 2297 461 2376 8)
493 2319 627 2382 quocum
651 2296 861 2382 Sophocleum
884 2298 1052 2362 contulisse
1069 2296 1195 2383 juvabit
1215 2290 1424 2378 τεκνολέτειρ’
1488 2323 1489 2346 2

278 2393 383 2488 ἀηδών
418 2402 468 2476 El.
508 2405 575 2470 107.
597 2439 638 2452 -
659 2403 835 2468 Femiuina
856 2423 983 2488 ττιρα
1005 2393 1220 2488 (κταρ-ια)
1251 2403 1425 2467 terminata
1488 2401 1489 2458 l

278 2520 352 2573 sunt
383 2501 641 2597 όλβοδότειραλ),
672 2510 766 2576 Pacis
787 2511 948 2598 epitheton
970 2493 1085 2575 Bacbh.
1106 2511 1196 2594 419*,
1218 2520 1250 2573 et
1270 2509 1424 2575 τιλτοοι-
1488 2519 1489 2568 ἱ

279 2607 411 2700 δότειρα
425 2621 541 2684 scrittori
558 2614 703 2706 (τέλος)
721 2618 882 2684 adduceres
904 2642 912 2682 :
934 2617 1060 2683 Heraol.
1076 2619 1155 2684 899*
1177 2621 1292 2700 Maipa
1304 2616 1424 2682 τιλτσ-
1488 2689 1489 2696 ¹

279 2717 461 2810 οιδότιιρα,
496 2725 579 2812 quod
602 2724 678 2790 mihi
699 2727 826 2813 quidem
849 2749 889 2791 ex
910 2725 992 2790 falsa
1014 2747 1124 2790 eorum
1146 2727 1293 2807 analogia
1315 2739 1424 2789 ortum

279 2853 346 2896 esse
368 2832 508 2916 videtur,
536 2836 569 2897 in
591 2834 705 2920 quibus
725 2833 855 2899 τολεοοι
876 2835 943 2898 sive
963 2832 1070 2898 τιλοσι
1091 2833 1250 2897 verbalem
1273 2840 1423 2897 naturam

279 2939 385 3021 habet,
405 2948 440 3004 ut
460 2941 494 3004 in
513 2939 733 3026 τελιασλφρων
747 2941 864 3006 Aesch.
881 2943 944 3027 Ag.
960 2942 1030 3007 700.
1071 2940 1184 3004 Restat
1204 2928 1425 3026 ὑπνοδότειρα

279 3046 335 3113 Or.
359 3048 436 3114 175*
466 3038 523 3129 νύξ
554 3040 776 3134 ὑπνοδότειρα.
800 3085 840 3096 -
861 3048 999 3115 Unicum
1031 3057 1080 3112 est
1111 3046 1335 3131 νυμοδέγμων,
1357 3071 1424 3134 quo

278 3155 391 3218 flnctus
412 3155 505 3219 litora
519 3157 681 3242 pulsantes
703 3157 734 3220 in
757 3157 852 3220 animi
875 3154 1107 3241 quodammodo
1123 3177 1219 3220 sensu
1231 3165 1424 3240 ponuntur:
1488 3149 1489 3156 ¹

277 3261 375 3347 Hipp.
400 3263 479 3326 1173
501 3257 600 3347 α’νιτῆς
621 3261 857 3346 νυμοδένμονος
877 3262 989 3338 πέλας.
1010 3299 1051 3309 -
1071 3262 1123 3326 Ad
1157 3273 1334 3327 extremum
1357 3265 1425 3328 sul-

279 3369 342 3434 fixo
374 3385 395 3434 ᾱ
429 3370 597 3434 formatum
630 3381 678 3434 est
698 3359 854 3452 μιλιβόας
875 3371 937 3456 frg.
959 3372 1073 3447 775232
1104 3361 1265 3452 μιλιβόας
1295 3360 1425 3449 νόννας,

278 3477 310 3540 in
331 3498 394 3563 quo
417 3478 503 3564 prius
523 3478 699 3542 membrum
721 3479 894 3543 accusativi
914 3479 1087 3562 interioris,
1109 3480 1195 3566 quod
1217 3489 1343 3562 vocant,
1367 3481 1425 3544 ob-

275 3583 358 3670 jecti
375 3585 496 3648 ratione
515 3585 634 3672 pendat
652 3602 677 3649 α’
691 3585 866 3672 pedisequo
879 3586 925 3670 “lt
946 3623 987 3634 -·-
1009 3608 1051 3661 ις
1066 3597 1197 3674 apparet
1212 3587 1244 3652 in
1266 3609 1427 3673 χρυσαντ-

278 3688 379 3777 αυρὴς
398 3714 406 3756 :
428 3691 503 3759 Jon.
527 3693 607 3760 890*
629 3688 791 3774 δνθιαμδν
810 3701 1046 3780 χρυσανταυγῆ)
1076 3694 1116 3759 ad
1138 3715 1267 3759 sensum
1289 3697 1426 3784 epitheti

279 3798 321 3862 cf.
343 3797 401 3865 Or.
425 3802 505 3868 1519
526 3793 631 3867 δεινόν
652 3796 800 3887 ἀνταυγεῖ
821 3793 922 3888 φόνον.

349 4270 369 4337 ¹)
387 4273 454 4324 Mus.
471 4273 554 4325 Rhen.
572 4275 611 4324 XI
629 4277 686 4326 170.

347 4361 369 4430 ²)
388 4365 437 4415 Pro
455 4365 615 4420 substantivo
634 4371 686 4420 etat
705 4360 853 4444 όλβιδὸτρς
869 4367 963 4421 Bacch.
982 4367 1056 4421 tw.

348 4457 372 4526 ι)
392 4457 491 4510 ermina
507 4460 631 4529 Meyerus
648 4459 761 4529 collealt,
780 4462 851 4516 Cart
868 4462 940 4519 Stnrl.
958 4461 994 4512 v1
1011 4479 1036 4529 p.
1048 4465 1112 4514 tet.
