3076 5294
753 623 975 689 -194-

295 812 356 893 θοῇ
387 816 420 871 et
465 829 493 869 v.
525 807 585 874 798
621 805 652 872 εἰ
671 799 758 890 τόνδ’
776 802 928 894 ἔπαυσας
947 809 1005 889 τῆς
1025 796 1259 888 πολυγλώσσου
1278 809 1370 890 βοῆςς
1397 841 1430 852 -

298 913 392 1002 Hipp.
401 915 459 980 68*
470 904 683 998 εὐπατέρειαν
694 903 794 978 aeter
804 914 823 976 i.
838 934 865 975 c.
879 910 1050 992 ευόολμονα
1061 909 1186 996 πατρός
1196 903 1302 976 αὐλόν
1314 911 1430 994 (Elma-

296 1023 405 1102 ieinsi3
432 1057 465 1068 -
488 1021 521 1088 d.
544 1024 581 1084 A.
607 1023 685 1087 1001
703 1017 820 1100 λέσχας
841 1012 1059 1100 κακοστόμους
1079 1022 1099 1082 i.
1116 1042 1142 1083 e.
1159 1015 1262 1094 κακοῖς
1276 1011 1433 1098 πόματος

294 1124 419 1209 λέσχας.
463 1129 631 1214 Reliquum
653 1138 709 1210 est,
729 1139 764 1190 ut
783 1127 952 1191 nonnullos
973 1127 1060 1191 locos
1083 1127 1223 1208 afferam,
1245 1127 1301 1192 ubi
1321 1125 1431 1211 major,

294 1257 387 1323 quam
410 1238 443 1299 iu
464 1236 617 1323 exemplis
637 1236 801 1322 hucusque
823 1237 1024 1319 memoratis,
1047 1234 1210 1321 Euripidis
1231 1233 1358 1300 dicendi
1380 1255 1432 1297 au-

294 1343 384 1407 dacia
416 1345 563 1407 cernitur.
617 1340 671 1407 Sic
705 1342 817 1429 Suppl.
847 1342 907 1406 80*
930 1342 1035 1427 justus
1066 1363 1177 1406 aeneus
1209 1343 1265 1405 vix
1297 1342 1431 1420 eveniat,

168 1497 172 1506 ι
293 1451 354 1514 nisi
374 1442 468 1535 χόρις
487 1444 569 1532 γόων
596 1441 790 1538 πολυπόνων
816 1451 1006 1537 permiram
1028 1449 1187 1534 quandam
1211 1448 1430 1534 breviloquen-

188 1587 191 1598 ·
294 1559 369 1621 tiam
402 1580 459 1644 pro
490 1549 587 1640 χόρις
618 1556 749 1621 πολλῶν
768 1547 852 1639 γόων
871 1556 925 1621 καλ
947 1547 1055 1620 πόνων
1075 1556 1191 1622 dictum
1210 1577 1284 1620 eoae
1306 1565 1432 1619 statuae.

295 1662 391 1743 Quod
413 1665 439 1728 ei
464 1664 647 1729 conceditur
668 1665 719 1727 hic
750 1664 837 1728 locus
874 1685 938 1728 non
960 1663 1065 1727 differt
1086 1687 1104 1726 a
1126 1663 1211 1727 Med.
1233 1664 1314 1728 204*
1336 1659 1433 1744 ἰαχεῖν

294 1770 366 1836 οἷον
388 1762 589 1835 πολυπόνων
609 1763 692 1856 γόων
711 1772 731 1834 i.
745 1794 783 1836 e.
805 1769 938 1835 πολλῶν
960 1764 1075 1835 στόνων
1097 1762 1262 1854 neeffleta
1305 1772 1357 1836 Ab
1372 1795 1431 1836 usu

295 1879 418 1943 dicendi
450 1879 574 1964 vulgari
614 1879 708 1964 longe
738 1879 861 1944 recedit
881 1863 993 1942 ‘etiam
1021 1879 1083 1964 frg.
1105 1879 1164 1944 891
1186 1870 1434 1965 τόΙΝεστόρειον

293 1977 474 2071 εὔγλωσσον
502 1982 615 2068 μέλος,
647 1987 677 2049 in
710 2008 773 2071 quo
807 1974 1008 2070 Νεστόρειον
1038 1985 1139 2062 μέλος
1167 1985 1251 2049 valet
1271 1985 1433 2070 Νέστορος

293 2094 401 2176 μέλος,
423 2088 602 2177 εὔγλωσσον
623 2103 728 2157 autem
751 2093 921 2157 secundum
938 2115 1064 2158 aeneum
1088 2093 1216 2178 quidem
1238 2093 1378 2178 logicum
1392 2093 1432 2158 ad

293 2204 475 2286 genetivum
505 2201 591 2265 illum
624 2202 729 2288 priore
763 2201 902 2288 epitheto
936 2221 1119 2287 expressum
1152 2201 1355 2264 referendum
1376 2212 1431 2268 est

294 2308 376 2374 Cum
407 2308 467 2372 hoc
496 2308 567 2371 ioco
599 2329 782 2395 comparare
802 2310 920 2394 poteris
952 2307 1029 2372 Her.
1051 2309 1111 2371 fur.
1136 2307 1215 2372 1272
1238 2308 1434 2394 τετρασκελῆ

293 2414 557 2502 κενταυροπληθῆ
578 2406 727 2498 πόλεμον,
750 2437 832 2502 quae
854 2412 953 2479 ver'ba
966 2414 1040 2480 Joh.
1056 2413 1251 2481 Schmidtiue
1273 2417 1355 2481 bene
1377 2440 1431 2482 ex-

293 2523 380 2610 pedit
394 2525 418 2608 1)
433 2524 468 2587 iu
489 2547 641 2588 σοπσιινευ
655 2523 790 2588 doctum
802 2523 1003 2610 epithetorwm
1019 2547 1118 2610 μεπυε
1132 2522 1293 2608 quoddam
1314 2538 1431 2590 στενου-

293 2632 388 2696 tt'one'a
436 2630 610 2696 notandum
657 2655 721 2695 eece
768 2630 933 2715 judicans,
977 2617 1035 2695 e'to'
1066 2630 1209 2716 quidem,
1252 2645 1287 2695 ut
1329 2631 1431 2696 altero

292 2740 422 2826 epitheto
456 2739 757 2824 (κενταυροπληθῆ,
794 2739 883 2824 cujus
920 2737 959 2801 do
982 2739 1122 2802 secunda
1143 2750 1233 2825 parte
1254 2740 1295 2803 cf.
1331 2741 1430 2823 §79)

289 2859 471 2934 potentatem
489 2847 627 2934 yenatice'
643 2846 771 2910 habente
792 2846 925 2909 alterum
946 2847 1070 2909 concini
1088 2860 1286 2932 opponatur,
1320 2871 1428 2934 quam·

292 2955 340 3018 υιἰ
371 2977 479 3017 aeneus
496 2953 648 3039 postulet,
675 2966 710 3016 ut
730 2951 776 3016 od
794 2953 968 3040 genetivum
989 2953 1081 3016 illum
1100 2954 1269 3038 referatur.
1313 2953 1431 3019 Valent
1531 3029 1532 3037 ¹

290 3062 387 3148 igitur
438 3060 491 3124 illa
540 3059 758 3143 τετρασκελῶν
815 3054 1004 3144 Κενταύρων
1048 3052 1199 3142 πόλεμον.
1246 3098 1280 3109 -
1326 3061 1429 3126 Mirac
1530 3125 1531 3142 ,

292 3168 415 3232 dicendi
437 3167 589 3231 audaciae
611 3168 790 3255 exemplum
812 3177 860 3232 eet
879 3167 913 3233 J.
936 3171 976 3232 A.
998 3169 1086 3251 219*,
1110 3170 1163 3232 ubi
1184 3160 1431 3253 χρυσοδαιδάλ-

290 3298 364 3350 τους
386 3273 533 3356 σιομλοις
553 3268 682 3351 πόλους
703 3287 828 3340 auctore
850 3277 979 3340 Klotzio
1001 3300 1093 3362 τουσι
1108 3276 1268 3362 significat
1290 3277 1431 3342 aureolae

288 3385 453 3468 frenorum
465 3386 657 3448 ornamentis
667 3391 835 3448 instructos
849 3385 868 3446 i.
884 3407 910 3448 e.
926 3376 1053 3459 πώλους
1060 3373 1186 3469 χρόοου
1195 3382 1340 3463 στομίοις
1359 3384 1431 3449 dot-

292 3481 436 3566 όόλτους.
458 3491 611 3554 Extremo
625 3490 704 3573 loco,
719 3513 759 3554 nc
774 3490 850 3578 quid
865 3493 1118 3582 Rraetormittere
1133 3492 1251 3574 videar,
1274 3493 1370 3556 etiam
1398 3496 1430 3556 in

290 3599 493 3686 imperfectae
522 3599 735 3662 abundantiae
765 3599 934 3686 exemplis,
965 3601 991 3662 ti
1013 3599 1171 3686 superflua
1192 3599 1335 3663 membra
1358 3622 1430 3664 ver·

291 3717 357 3770 tere
372 3707 468 3789 voles,
488 3728 601 3770 moneo
616 3728 678 3770 non
691 3728 761 3770 raro
777 3706 817 3770 ad
831 3709 1016 3792 genetivum
1028 3708 1084 3770 tibi
1098 3705 1323 3771 recurrendum
1340 3728 1429 3788 ceee3

290 3813 351 3877 hoc
365 3815 395 3876 in
419 3835 456 3878 ea
477 3815 665 3900 praesertim
688 3814 780 3897 cadit,
803 3836 883 3899 quae
899 3818 919 3896 ξ
935 3815 1077 3879 intuitio
1099 3817 1428 3880 commemoravimus.

371 3923 392 4001 ἓ
413 3920 462 3985 83.
508 3921 652 3985 Transeo
673 3943 758 3985 nunc
786 3922 826 3984 ad
847 3921 1061 3986 enumerando
1082 3931 1259 3986 ceterarum
1281 3922 1429 3989 classium

290 4030 454 4114 exempla,
485 4051 620 4115 quorum
641 4031 673 4092 in
697 4031 798 4116 capite
828 4029 956 4117 quidem
977 4051 1093 4115 ponam
1114 4030 1147 4092 in
1169 4031 1282 4115 quibus
1306 4031 1429 4117 epithe-

290 4147 343 4200 ton
365 4158 422 4223 pro
447 4137 574 4218 nomine
596 4138 754 4202 abstracto
785 4149 963 4225 usurpetur.
1008 4137 1101 4202 Talia
1133 4138 1281 4222 leguntur
1303 4138 1428 4206 Phocn.

289 4351 483 4358 1—---———-

359 4486 379 4553 ¹)
396 4487 414 4537 1.
432 4503 454 4538 c.
472 4505 496 4556 p.
516 4493 556 4539 24.
