3072 5278
770 643 967 710 ..22-

301 839 364 893 tem
387 830 595 914 compositum
624 829 759 892 occurrit
779 826 812 892 J.
835 824 875 890 Τ.
897 826 959 894 3λὸ
987 820 1122 911 γαληνὸς
1143 815 1233 909 ἦσθα
1255 823 1310 892 καὶ
1332 823 1443 910 φιλοι-

302 933 442 1024 κτίρμων
471 925 541 1014 ciet,
571 935 589 1002 i.
612 956 639 998 e.
662 934 707 1000 ad
727 931 983 1000 misericordiam
993 951 1182 1020 propensus
1225 930 1344 996 Moneo
1365 931 1445 998 hanc

302 1066 412 1110 vocem
434 1053 559 1130 praeter
590 1041 672 1108 Plat.
697 1041 824 1106 Menex.
850 1041 912 1106 244
933 1039 961 1106 Ε
985 1061 1140 1126 nusquam
1164 1039 1237 1104 alibi
1259 1049 1444 1125 usurpatam

306 1153 399 1218 etiam
417 1149 515 1238 Soph.
532 1151 583 1236 Aj.
594 1151 656 1218 580
666 1171 725 1236 pro
740 1145 958 1234 φιλοίκτιοτοι
980 1115 1254 1282 aSchy'nssvino
1267 1169 1340 1212 esse
1362 1169 1444 1212 rece·

303 1269 398 1348 ptam.

388 1370 406 1448 ξ,
428 1367 457 1430 6.
486 1364 537 1428 En
550 1363 699 1450 epitheta,
711 1384 844 1449 quorum
856 1363 1031 1450 posteriora
1046 1363 1188 1428 membra
1198 1363 1359 1450 adjectiva
1366 1374 1445 1430 sunt.

305 1476 354 1541 Ac
375 1473 481 1540 nescio
505 1495 543 1537 an
567 1472 700 1538 fortasse
722 1471 844 1535 crimini
864 1469 940 1536 mihi
965 1480 1092 1553 vertas,
1124 1471 1208 1557 qnod
1230 1473 1386 1538 nonnulla
1400 1473 1447 1536 bic

305 1582 451 1667 exempla
463 1580 665 1657 excusserim,
688 1601 769 1666 qnae
786 1578 826 1644 ad
842 1577 995 1665 simplicia
1011 1601 1068 1642 sua
1088 1597 1289 1665 nequaquam
1305 1581 1446 1645 revocari
1527 1619 1528 1622 =

303 1698 445 1782 possunt.
477 1685 550 1764 Quo
572 1688 605 1750 in
628 1707 744 1768 genere
767 1685 902 1774 primum
925 1686 1053 1750 nomino
1076 1675 1250 1771 α’τρὲμαιος
1271 1696 1303 1751 et
1324 1685 1448 1768 δυσχεί-

304 1816 414 1880 μερος,
437 1817 538 1881 quae,
562 1815 752 1880 quamquam
777 1801 867 1860 extra
888 1793 1151 1880 compositionem
1175 1794 1327 1860 adverbia
1350 1798 1449 1859 sotum

306 1903 441 1990 ἀτρέμα,
454 1897 608 1986 α’τρὲμας,
622 1911 653 1968 et
664 1901 821 1989 adjectiva
842 1898 1017 1987 χειμέριος,
1038 1892 1221 1986 χειμερινάς
1235 1903 1260 1984 ¹)
1282 1905 1448 1969 inveniun-

305 2024 374 2093 tur,
407 2021 576 2097 propterea
609 2018 714 2074 tamen
748 2010 809 2074 huc
829 2011 948 2076 referre
980 2031 1044 2074 nou
1078 2009 1238 2093 dubitavi,
1272 2010 1361 2097 quod
1382 2014 1449 2098 ipsa

306 2118 509 2183 manifestam
536 2139 612 2204 prae
642 2139 675 2182 se
698 2117 804 2181 ferunt
834 2118 979 2202 adjectivi
1004 2117 1235 2182 formationem.
1258 2155 1299 2166 -
1324 2119 1450 2183 Deinde

307 2249 381 2290 vero
415 2225 566 2312 simplicia
597 2246 659 2287 non
690 2224 881 2310 respondent
903 2225 1061 2288 nonnullis
1084 2224 1229 2312 epithetis
1250 2225 1282 2289 in
1306 2246 1347 2290 ιο
1369 2224 1450 2290 desi-

307 2333 473 2414 nentibus,
496 2352 628 2417 quorum
650 2330 772 2417 priores
793 2332 886 2396 sedes
907 2332 1157 2419 praepositiones
1176 2333 1339 2418 obtinent3
1375 2342 1450 2398 sunt

308 2443 405 2508 haec:
429 2431 585 2516 eurinome,
594 2427 756 2518 ἐνθύμιος,
779 2430 949 2520 ἐμπόδιος,
970 2430 1128 2522 ἒκτὸιτιος,
1150 2432 1300 2522 ἐξώπιος,
1324 2434 1453 2522 ἐπιχώ-

308 2569 386 2634 ριος,
408 2543 613 2631 μετακομιος,
629 2541 855 2633 προβακχὴιος,
879 2543 1089 2630 ὐπασττίτλιος,
1106 2551 1229 2636 quibus,
1251 2550 1311 2613 nisi
1325 2549 1452 2614 inHar·

309 2659 408 2744 tungii
431 2657 615 2742 conjectura
635 2649 852 2740 τιτραφύλιος
875 2656 963 2742 (Jon.
988 2657 1080 2740 1577)
1114 2659 1315 2743 acquiescere
1337 2657 1452 2744 placet,
1529 2639 1530 2698 s

309 2768 401 2833 ctiam
431 2754 607 2847 ἐπιφιλλιος
640 2760 847 2828 adnumerare
887 2763 1024 2830 debebis.
1073 2763 1133 2828 His
1174 2764 1318 2852 opposita
1347 2777 1452 2831 sunt:

310 2864 518 2959 ἀμφιβώμιος
561 2861 784 2953 (ἅποβώμιος,
828 2859 1030 2953 sorduimus,
1071 2864 1290 2958 προβαλμιος),
1327 2863 1455 2948 ἐνάλιος

311 2974 512 3066 (παράλιος),
534 2971 683 3062 ἐννύχιος,
705 2970 855 3055 ἐπάκτιος
876 2972 1094 3064 (conductor),
1117 2970 1316 3064 ἐπικήδειος,
1337 2983 1453 3061 μεθα-

310 3091 435 3175 μέριος,
457 3081 735 3174 τιαρατιοταὲμιοο,Ι
750 3086 970 3174 τιροοαύλτιος
982 3135 989 3170 ,
1012 3083 1269 3176 προστρόπαιος,
1292 3088 1454 3174 ουζύγιος,

314 3194 510 3285 ὑπαίθριος,
543 3186 757 3280 ὑποχθόνιος,
785 3193 993 3284 ὑποχείριος,
1020 3195 1233 3285 dreooss'pnros¹
1262 3199 1454 3283 (secundum

313 3305 487 3391 Musgravii
510 3306 738 3391 conjecturam3
761 3305 834 3386 ci}
856 3307 885 3385 5,
908 3307 971 3388 20),
993 3306 1156 3391 inquibus
1179 3305 1290 3370 eadem
1312 3307 1453 3392 quidem,

312 3435 393 3500 quae
415 3414 445 3477 in
467 3413 544 3493 iilis,
567 3412 722 3477 formandi
744 3415 824 3477 ratio
842 3414 996 3496 cernitur,
1025 3434 1170 3499 quaeque
1191 3425 1326 3499 possunt
1346 3423 1454 3478 minen

313 3537 411 3586 asuo
444 3520 592 3606 quodque
625 3519 758 3607 simplici
780 3519 889 3605 repeti.
932 3518 1008 3586 Jam
1032 3542 1112 3606 quae
1146 3523 1185 3584 sit
1204 3520 1368 3606 utriusque
1391 3524 1454 3609 epi·

313 3628 470 3694 thetorum
491 3628 616 3712 generis
638 3626 790 3705 condicio,
813 3628 949 3692 breviter
969 3626 1125 3691 iudicabo.

397 3738 447 3802 Ac
467 3736 594 3823 propria
615 3737 742 3822 quidem
762 3713 885 3802 illorum
908 3745 1021 3800 natura
1042 3737 1073 3798 in
1095 3755 1132 3800 eo
1156 3746 1205 3800 est
1225 3737 1344 3821 posita,
1369 3737 1455 3823 quod

318 3843 464 3909 secundis
492 3843 641 3908 membris
669 3865 794 3930 semper
815 3843 1014 3908 substantiva
1034 3843 1186 3927 subsunt3
1208 3865 1249 3907 cx
1278 3843 1326 3907 his
1348 3857 1455 3910 autem

321 3952 479 4036 quomodo
502 3953 571 4038 ipsa
593 3945 857 4039 composita'orts
878 3954 948 4034 sint,
972 3950 1088 4038 duplici
1110 3951 1234 4015 ratione
1257 3951 1379 4036 fingere
1400 3955 1454 4018 tibi

317 4059 444 4144 poteris.
487 4057 636 4146 Namque
669 4070 723 4124 aut
753 4059 935 4123 circuitione
957 4059 1094 4145 quadam
1118 4057 1304 4123 sumendum
1337 4071 1385 4124 est
1412 4063 1456 4125 ita

317 4165 396 4230 haec
418 4183 486 4230 esse
510 4177 599 4248 nata,
630 4176 665 4230 ut
685 4167 822 4255 primum
845 4189 862 4231 e
885 4169 1153 4233 substantivorum
1174 4168 1325 4254 stirpibus
1347 4169 1454 4234 addito

317 4357 512 4365 —————

387 4493 408 4564 ¹)
426 4494 497 4546 Gurt
516 4495 572 4548 Gn*
589 4511 614 4561 p.
634 4499 690 4550 201.
