3072 5278
704 1688 838 1791 Liber
871 1687 1010 1818 prior.

438 2015 485 2098 os
511 2011 733 2122 epithetorum
759 2011 1019 2121 oonpositorun
1043 1991 1108 2093 usu
1134 2008 1286 2118 simplici.

374 2221 394 2300 ἓ
417 2219 444 2282 1.
489 2216 573 2284 Satis
601 2224 710 2280 notum
731 2224 793 2297 est,
822 2237 886 2279 non
907 2214 1001 2278 modo
1029 2215 1062 2277 in
1091 2210 1282 2298 tragicorum
1302 2211 1424 2295 fabulis,

296 2325 404 2391 sedin
425 2324 574 2388 universa
596 2321 792 2388 Graecorum
813 2323 902 2408 poesi
925 2320 1110 2385 efficiendae
1131 2319 1195 2402 illi,
1217 2341 1311 2404 quam
1333 2319 1425 2383 mira-

296 2455 382 2514 mur,
417 2430 565 2494 orationis
587 2428 840 2515 magnificentiae
862 2451 899 2493 ae
921 2428 1092 2514 granditati
1128 2436 1323 2514 quantopere
1354 2448 1423 2490 enm

295 2539 400 2603 omnia
429 2539 602 2602 inserviant
636 2535 795 2622 epitheta,
828 2545 893 2600 tum
925 2537 1061 2599 maxime
1094 2534 1274 2622 composita.
1323 2532 1425 2599 Simul

295 2668 332 2710 ea
353 2644 484 2709 orationi
519 2665 582 2706 non
618 2641 807 2706 mediocrem
842 2650 986 2707 ornatum
1023 2641 1218 2729 adspergunt
1258 2650 1291 2704 et
1327 2661 1424 2704 venu-

293 2762 403 2817 statem
434 2762 528 2837 atque
552 2771 623 2814 eum
644 2749 786 2836 inprimis
808 2750 958 2832 habitum,
987 2771 1025 2813 ex
1047 2771 1110 2835 quo
1131 2770 1182 2813 res
1203 2747 1254 2812 vel
1273 2769 1425 2834 personas

293 2860 404 2946 quovis
426 2858 493 2921 loeo
516 2865 704 2920 memoratas
726 2857 794 2942 ipse
815 2855 928 2920 intueri
949 2856 1058 2920 eredas
1080 2855 1312 2943 quodammodo
1334 2876 1425 2941 prae·

294 2976 407 3030 sentes.
429 2965 630 3029 Duentzerus
642 2963 703 3028 duo
719 2962 926 3050 epithetorum
942 2985 1061 3051 genera
1075 2963 1239 3048 distinguit
1251 2963 1286 3048 ¹),
1309 2987 1425 3028 orosa

294 3075 387 3140 tinet
407 3072 607 3159 descriptiva,
629 3093 710 3158 quae
725 3073 830 3137 vocari
846 3082 988 3159 possunt.
1015 3073 1083 3138 Illis
1104 3072 1265 3137 abundant
1286 3074 1426 3137 earmina

293 3181 471 3264 Homerica,
489 3201 557 3244 cum
574 3201 612 3243 ea
621 3181 750 3265 egregie
764 3179 835 3244 fuso
851 3181 1041 3266 copiosoque
1056 3181 1162 3265 poesis
1176 3180 1282 3267 epieae
1299 3177 1425 3245 dicendi

291 3290 402 3376 generi
424 3288 620 3351 conveniant.

375 3394 485 3460 Altero
508 3395 716 3480 epithetorum
737 3414 855 3479 genere
877 3414 941 3456 non
961 3401 1025 3458 tam
1047 3403 1174 3458 ornatus
1195 3395 1341 3459 tribuitur
1354 3417 1424 3460 ora-

293 3502 386 3585 tium,
420 3524 513 3588 quam
535 3522 686 3588 praesens
708 3510 801 3587 atque
823 3498 954 3564 evidens
976 3500 1106 3586 alicujus
1127 3503 1174 3565 rei
1195 3501 1246 3567 vel
1267 3522 1425 3586 personae

292 3611 397 3694 imago
419 3609 514 3673 oeulis
537 3609 706 3690 subicitur3
735 3607 810 3671 nihil
831 3605 913 3671 enim
935 3607 975 3670 ad
997 3607 1100 3693 ipsum
1120 3606 1272 3672 enuntiati
1295 3630 1425 3673 sensum

293 3716 371 3779 haee
392 3716 506 3779 valent.
549 3713 738 3800 Plerumque
759 3723 865 3778 autem
886 3715 929 3778 ita
950 3724 1130 3802 comparata
1152 3726 1224 3779 sunt
1236 3765 1244 3797 ,
1267 3724 1301 3780 ut
1321 3718 1424 3782 notio-

293 3845 350 3887 nes
372 3825 549 3910 exprimant
578 3821 864 3903 substantivorum,
891 3820 1005 3908 quibus
1038 3821 1144 3887 addita
1164 3833 1255 3906 sunt,
1285 3823 1424 3891 maxime

294 4007 489 4016 —————

361 4121 380 4187 ¹)
398 4122 566 4174 Homerisehs
585 4122 798 4188 Abhandlnngem
817 4121 923 4189 Leipzig
943 4127 1006 4174 1872
1023 4139 1047 4189 p.
1067 4126 1115 4175 509
1134 4143 1140 4174 :
1159 4124 1205 4175 Ais
1230 4125 1346 4175 habende
1365 4124 1423 4177 Bei-

290 4212 382 4258 wdrter
399 4208 536 4260 beaeiohns
553 4208 596 4259 ioh
608 4208 761 4276 diejenigen‚
781 4209 879 4259 welche
891 4210 1022 4260 Persouen
1039 4211 1101 4260 oder
1116 4210 1296 4275 ngensttnde
1314 4211 1352 4260 als
1364 4227 1423 4262 sus·

292 4291 442 4357 geneiohnst
459 4293 485 4342 in
502 4293 571 4345 ihrer
597 4295 641 4344 Art
653 4295 829 4346 hervorhebsn
841 4296 894 4346 und
906 4295 1041 4347 hierduroh
1055 4297 1112 4346 dem
1125 4296 1276 4346 Ausdruoke
1290 4295 1422 4348 Sehmuek

294 4377 432 4429 verleihen.
468 4380 510 4430 Sis
528 4380 650 4431 beaiehen
668 4379 723 4431 siah
741 4384 787 4431 auf
801 4381 842 4432 die
861 4382 1007 4444 sehonheir,
1026 4381 1066 4434 dis
1083 4383 1186 4445 Praoht,
1204 4383 1254 4433 den
1272 4383 1360 4442 ulans,
1378 4382 1421 4433 die

292 4463 485 4528 Tretfliehlreit3
503 4467 536 4518 of.
554 4481 579 4532 p.
597 4470 654 4529 tot,
673 4470 730 4519 ⁶16.
