3076 5294
711 669 930 735 -172-

378 854 491 936 1502*;
514 854 590 917 Her.
612 853 670 917 fur.
696 855 810 936 1035*;
844 853 901 919 Or.
923 848 1000 935 3833
1023 851 1143 916 Phoen.
1168 849 1275 930 1351*,
1299 847 1392 927 1635,

374 960 469 1044 218*;
502 960 600 1046 Hipp.
623 955 697 1042 646,Ι
715 959 811 1040 741*;
834 958 911 1026 Jon.
936 958 1033 1040 1133,
1060 959 1154 1040 12663
1182 956 1215 1023 J.
1237 960 1277 1021 A.
1302 956 1392 1038 172⁸,

378 1063 473 1149 190*;
495 1066 595 1131 Andr.
617 1067 687 1132 399.

696 1401 941 1410 ..—-——--

723 1731 844 1816 OAP.
874 1731 925 1814 ΙΙ.

563 1956 611 2023 Ile
632 1955 848 2023 membrorum
869 1953 1082 2022 abundantia

315 2139 391 2222 574.
407 2138 765 2227 Descriplivaepitheta,
775 2158 907 2224 quorum
917 2138 1389 2223 supracognovimusnaturam,

246 2229 292 2312 eo
304 2246 503 2334 potissimum
513 2254 658 2333 spectare
669 2245 890 2331 judicavimus,
907 2253 941 2308 ut
950 2245 1121 2329 imaginem
1135 2243 1266 2328 alicujus
1277 2244 1324 2307 rei
1339 2242 1390 2306 vel

252 2375 407 2442 personae
429 2376 524 2439 quam
547 2353 752 2418 clarissimam
775 2353 1010 2417 adumbrarent.
1032 2350 1157 2415 Eodem
1178 2371 1254 2414 vero
1275 2359 1389 2436 poetae

253 2461 356 2526 studio
387 2484 451 2525 non
472 2461 601 2525 minima
631 2482 670 2525 ex
691 2469 782 2548 parte
805 2461 898 2524 etiam
921 2459 997 2541 hoc,
1020 2458 1060 2523 de
1093 2480 1155 2544 quo
1177 2480 1263 2522 nunc
1284 2457 1387 2544 dispu-

252 2569 403 2650 labimus,
434 2567 549 2632 idioma
571 2569 754 2654 explicatur.
779 2605 813 2616 -
839 2569 887 2632 Ac
914 2567 1052 2652 primum
1073 2564 1218 2651 quidem,
1241 2567 1388 2650 quoniam

253 2677 354 2741 omnis
387 2677 611 2762 quaeratione
644 2677 815 2740 instituitur
848 2674 1016 2762 disputatio
1050 2673 1273 2738 adefinitione
1293 2672 1388 2760 profi-

253 2784 327 2848 cisci
342 2783 446 2866 debet,
469 2781 508 2846 de
524 2783 647 2848 duobus
669 2783 808 2869 cujusvis
830 2782 960 2870 epitheti
982 2781 1146 2868 compositi
1168 2780 1320 2845 membris
1341 2780 1383 2844 al-

251 2902 355 2956 terum
386 2891 430 2956 eis
456 2890 532 2955 locis
563 2889 725 2956 abundare
747 2898 844 2978 patet,
867 2890 997 2977 quibus,
1032 2912 1104 2953 cum
1135 2897 1189 2954 aut
1209 2890 1386 2954 membrum

252 2999 442 3064 antecedens
464 2997 515 3063 vel
537 2998 761 3085 pedisequum,
791 3007 845 3063 eut
865 3019 982 3061 novum
1003 2996 1161 3084 quoddam
1184 2994 1320 3082 simplex
1341 2995 1385 3058 id·

252 3129 314 3194 que
345 3107 413 3192 ipso
445 3107 617 3193 composito
643 3107 712 3192 jam
744 3104 915 3169 indicatum
962 3104 1003 3169 ad
1035 3103 1263 3168 conficiendum
1294 3125 1387 3189 quem

251 3223 347 3301 poeta
367 3213 544 3299 exprimere
565 3214 633 3277 vult
653 3235 781 3278 sensum
803 3211 983 3296 sufficeret,
1004 3212 1056 3276 hic
1077 3213 1238 3276 tamenin
1261 3232 1385 3296 compo·

253 3323 312 3386 sito
335 3322 455 3402 maluit,
478 3343 573 3408 quam
587 3323 619 3384 in
640 3321 773 3407 simplici
796 3300 935 3407 epithelo
956 3321 1166 3406 acquiescere.
1200 3315 1295 3396 Quod
1326 3319 1386 3382 elu-

252 3438 323 3493 ceat
335 3451 375 3493 ex
388 3426 421 3493 J.
438 3428 477 3492 Α.
490 3428 550 3492 919
562 3418 762 3516 ὑψηλόφρων
779 3419 1038 3516 θυμόςεύψηλός
1052 3420 1178 3508 θυμόςς
1193 3425 1292 3513 Hipp.
1309 3427 1384 3490 1161

253 3526 419 3622 κατείληῷ
448 3529 673 3619 ἀστυγείτονας
711 3523 992 3619 πόλεὶςεγεὶτονας
1032 3525 1165 3612 nolam·
1196 3532 1276 3599 Hec.
1312 3535 1387 3597 121*

250 3651 307 3730 τῆς
338 3636 536 3724 μαντιπόλου
567 3640 767 3732 βάκχηςττῆς
798 3645 951 3729 μαντικῆς
980 3633 1105 3728 βάκχης
1117 3642 1152 3724 ¹).
1193 3639 1387 3706 Permissum

252 3754 418 3839 igiturest
439 3752 479 3816 ab
501 3753 560 3817 hac
581 3755 716 3841 partein
732 3753 856 3838 singula
879 3751 1018 3838 epitheta
1039 3749 1221 3834 diligentius
1243 3771 1329 3812 nunc
1341 3748 1385 3811 in·

252 3860 395 3947 quirere;
427 3858 484 3924 sed
515 3869 613 3925 artem
646 3869 677 3926 et
705 3860 872 3926 audaciam
901 3856 1027 3923 dicendi
1060 3856 1154 3941 hujus
1184 3855 1257 3920 libri
1278 3876 1387 3919 exem-

252 3967 374 4055 plorum
406 3967 566 4054 propriam
595 3970 743 4056 quoniam
775 3970 807 4032 in
836 3969 957 4032 ratione
988 3964 1186 4053 potissimum
1214 3965 1300 4027 inter
1320 3963 1387 4048 ipsa

253 4075 393 4161 epitheta
425 4097 544 4162 suaque
576 4076 771 4141 substantiva
792 4076 1008 4142 intercedente
1039 4071 1176 4160 positam
1197 4091 1267 4134 esse
1289 4070 1385 4134 volui·

254 4287 450 4296 --—--·-——-

323 4425 342 4494 ¹)
361 4427 405 4478 Sic
418 4429 475 4494 jam
493 4427 631 4478 scholiasta
648 4427 712 4478 haec
729 4429 807 4478 verba
824 4427 942 4493 explicet
