3072 5278
544 629 745 695 -39-

81 813 188 898 juncta
207 820 364 900 apparent
384 811 453 876 Ale.
479 813 537 880 173
556 805 683 886 πούτας
704 808 745 876 dd
763 801 896 892 βωμοῠς
915 806 1088 894 προσῆλθε
1108 802 1222 874 datae

85 939 170 1002 στος,
190 913 397 1004 α’στέταιττοςς
426 922 466 986 ad
489 911 671 996 ἄκλαυστος
699 929 805 984 autem
838 918 877 983 ef.
898 917 1015 982 Aesch.
1038 916 1127 1004 Sept.
1149 918 1221 999 696,

85 1028 124 1092 ad
146 1023 335 1104 ἀστένακτος
355 1028 435 1094 Hee.
457 1029 544 1095 691*.
569 1065 603 1081 -
628 1022 805 1111 ἄπαυστος,
828 1026 973 1092 decianae
995 1047 1003 1088 :
1025 1023 1137 1112 Suppl.
1153 1024 1222 1107 82‘,

84 1135 136 1201 nbi
158 1159 226 1200 cum
249 1136 492 1201 Wilamewitnio
506 1135 532 1221 ¹)
555 1137 635 1200 facio
665 1135 813 1200 scribenti
835 1134 976 1217 (sublata
1007 1142 1081 1219 pest
1101 1123 1224 1216 σταγών

84 1243 217 1330 virgula)
247 1267 256 1308 ε
287 1238 372 1327 ὑγραὶ
401 1242 521 1331 ῥέουσα
557 1235 683 1326 σταγών
718 1236 888 1317 ἄπαυστος
918 1230 971 1306 α’σὶ
1005 1231 1134 1324 δρόσων
1162 1262 1221 1326 pro

83 1343 177 1434 γόων,
207 1352 281 1438 quia
301 1343 400 1436 χάρις
425 1343 508 1432 γόων
528 1354 573 1435 (v.
596 1353 650 1431 79)
684 1342 770 1434 γόων
798 1339 968 1424 ἄπαυστος
996 1348 1056 1410 dici
1084 1356 1223 1434 nequeat
1350 1350 1354 1360 '

86 1458 224 1546 desitque
244 1462 387 1542 tertium,
409 1457 496 1545 quod
517 1460 620 1540 aiunt,
642 1457 897 1546 comparationis.
918 1493 961 1506 -
981 1449 1138 1530 ἄσταττσς
1160 1477 1167 1518 :
1188 1453 1221 1520 J.

85 1565 123 1630 Τ.
147 1568 241 1633 1242*
255 1559 424 1634 α’στσὶκτωυ
441 1556 575 1632 ὑδάτων.
597 1603 638 1614 -
660 1556 889 1640 ἅσπσύδαστος
910 1587 918 1628 :
940 1564 1001 1649 frg.
1016 1563 1078 1629 503
1099 1553 1221 1626 α’σπσύ-

86 1673 198 1750 δαοτος
226 1668 336 1759 ἦλθεν.
368 1711 403 1724 -
435 1664 598 1751 α’σούετσς
630 1697 637 1738 :
673 1674 706 1740 J.
739 1676 781 1738 A.
814 1673 894 1738 368*
923 1663 1052 1757 γνώμης
1081 1668 1224 1734 πολιτῶν

86 1776 247 1866 α’συτέτους
270 1782 310 1847 cf.
333 1804 361 1845 v.
377 1804 407 1845 v.
422 1783 511 1864 394*,
527 1781 606 1864 6913
626 1781 700 1846 Hel.
715 1781 795 1861 3523
811 1780 868 1846 Or.
883 1781 962 1861 4933
986 1777 1107 1842 Phoen.
1126 1778 1222 1858 1612,

87 1889 146 1975 hg.
168 1890 242 1974 7353
267 1891 389 1968 1030l5.
413 1927 447 1938 -
473 1880 600 1964 ἅτιύιος
630 1912 693 1954 σου
714 1889 873 1954 honorans
894 1909 903 1950 t
925 1885 1001 1950 Jon.
1024 1886 1104 1950 701*
1125 1875 1226 1960 πόσις

87 1991 207 2074 ἀτίετος
240 1994 353 2086 φίλων.
376 2034 410 2046 -
436 1988 612 2082 α’χᾶριστος
640 2020 648 2060 :
678 1995 759 2061 Hec.
797 1995 874 2060 138*
904 1986 1074 2076 ἀχάριστοι
1103 1991 1224 2058 Δαναοὶ

87 2109 234 2190 amante,
267 2106 307 2171 cf.
342 2107 421 2189 2543
450 2104 526 2170 Jon.
559 2106 657 2188 880*;
692 2103 877 2168 insolentius
909 2114 1017 2169 autem
1046 2101 1225 2166 dictasunt

87 2213 181 2278 verba
207 2212 292 2279 Med.
320 2213 400 2278 659*
431 2204 605 2299 α’χοὲριστος
627 2203 736 2278 ὄλοιθ’
757 2204 824 2294 ὅτῳ
854 2202 997 2296 πάρεστι
1025 2204 1071 2295 μή
1104 2205 1225 2294 φίλους

86 2326 177 2400 τιμᾶν
204 2323 335 2411 {asprata
360 2335 441 2386 sorte
467 2333 593 2408 parcat,
625 2321 683 2406 qai
717 2321 836 2384 amicos
873 2318 1029 2383 honorare
1056 2317 1162 2382 nescit.
1186 2351 1222 2364 -

89 2420 244 2510 ἀνώμοτος
274 2453 338 2494 aaa
350 2430 485 2516 juratae
527 2427 655 2514 :Hipp
685 2427 747 2492 612
767 2420 925 2518 ἡ,γλιῖισσ’
954 2415 1110 2506 ὀμώμσχ’,
1137 2417 1157 2509 ἡ
1188 2420 1226 2488 dt

89 2532 166 2622 φρῆτ
196 2529 369 2618 ἀνώμοτος,
404 2571 439 2584 -
475 2526 731 2619 ἀπροφάσιστος
759 2521 979 2620 praetentetur
1006 2557 1071 2597 aaa
1106 2544 1225 2596 utana:

92 2643 199 2710 Bacch.
213 2645 313 2712 1002*
322 2639 466 2719 θανατός
487 2633 747 2729 α’προφᾶσιστσς.
758 2679 793 2690 -
807 2637 972 2727 ἄφθιτσςτ
985 2640 1085 2704 Andr.
1102 2637 1227 2704 12teat

90 2747 116 2814 δ’
128 2747 269 2841 ἄφθιτον
289 2743 421 2838 ποιήσαι
443 2742 540 2835 dedu
560 2752 600 2814 cf.
615 2751 648 2817 J.
664 2752 705 2815 A.
720 2749 846 2839 [1606]3
871 2747 928 2815 Or.
939 2747 1143 2830 1635;Rhes.
1158 2749 1225 2812 185.

93 2861 195 2925 —Ad
229 2873 405 2926 extremum
449 2860 509 2924 huc
547 2858 749 2924 referendum
775 2857 884 2944 judico
924 2846 1144 2930 ἅπαιώνιστσς
1184 2854 1225 2918 ab

92 2966 245 3056 Hesychia
267 2969 406 3054 quidem,
428 2971 482 3054 qui
504 2965 580 3030 illud
603 2965 694 3030 nebia
716 2964 854 3044 tradidit,
876 2986 955 3029 voce
978 2954 1151 3048 δύσφημος
1171 2981 1225 3024 ex·

91 3077 233 3162 plicatum
249 3076 326 3162 (frg.
346 3074 410 3156 78).

164 3182 282 3248 Vidisti
317 3182 462 3271 exempla
473 3231 482 3264 ,
514 3184 546 3246 in
576 3180 691 3268 quibus
717 3179 820 3244 activa
852 3178 958 3244 suffixi
979 3199 1017 3241 το
1038 3175 1227 3261 significatio

90 3293 311 3379 conspiciatur3
325 3311 384 3354 nec
399 3289 527 3354 difficile
542 3290 602 3354 erit
616 3289 712 3352 etiam
724 3288 919 3377 amplificare
935 3288 1047 3350 horum
1059 3307 1225 3349 numerum

91 3399 231 3484 epithetis
253 3398 313 3462 sub
337 3402 364 3480 1,
385 3400 415 3480 2,
436 3400 466 3480 4,
487 3399 508 3463 5
529 3400 646 3484 passim
669 3396 869 3460 enumeratis.
912 3395 1007 3460 Nunc
1027 3415 1115 3475 vero,
1137 3401 1171 3454 ut
1185 3390 1225 3454 ad

92 3527 125 3570 ea
144 3507 282 3590 redeam,
304 3507 335 3570 in
358 3506 472 3592 quibus
493 3503 688 3591 praecedens
710 3493 926 3568 membrumei
954 3502 1145 3589 privativum
1167 3507 1226 3581 est,

92 3615 223 3702 nequid
246 3613 453 3696 desideretur,
474 3613 560 3677 locos
583 3612 695 3676 saltem
724 3610 886 3695 indicabo,
909 3611 964 3676 ubi
985 3609 1111 3697 passivo
1127 3628 1224 3670 sensu

91 3722 160 3786 talia
180 3732 347 3810 praeterea
367 3723 571 3784 inveniuntur
593 3742 601 3783 ε

93 3873 157 3936 aa.
178 3872 268 3950 σου,
293 3869 381 3935 1123.

94 3980 186 4043 aner.
208 3980 280 4058 459,
302 3979 372 4062 593,
394 3979 464 4058 996,
489 3978 577 4053 1035,
603 3977 691 4041 1235.

94 4085 202 4152 seces.
227 4087 276 4170 10,
297 4087 348 4170 40,
369 4086 459 4166 σου,
480 4086 551 4168 472,
573 4085 734 4168 491,727,
759 4081 866 4148 τουπ.

95 4193 166 4260 see.
190 4195 238 4275 ιι,
260 4193 310 4278 30,
331 4193 390 4260 se*
413 4194 492 4260 115*
512 4191 600 4274 του,
623 4191 694 4273 σοι,
715 4191 805 4271 σου,
827 4189 897 4274 σοι,
919 4189 988 4254 aas.

159 4497 178 4564 ¹)
195 4499 212 4550 1
232 4514 255 4550 α
272 4511 298 4562 p.
316 4499 356 4548 83.
