3072 5278
548 579 747 644 ..23-

84 781 120 823 ro
139 759 250 825 suffixo
279 760 440 847 adjectiva
467 761 696 842 formarentur,
719 761 825 848 qualia
848 767 921 826 sunt
940 751 1084 843 βώμιος,
1115 750 1217 838 ἅλιος,

82 855 187 948 νύχιος
206 878 327 952 cetera,
350 869 452 955 iisque
481 867 595 934 deinde
618 870 870 957 praepositiones
886 868 926 933 ad
948 868 1113 955 augendas
1133 869 1216 955 ipso·

83 997 147 1038 rum
168 976 310 1040 notiones
349 981 632 1064 anteponerentur3
663 988 719 1043 aut
747 988 833 1042 recta
869 977 922 1039 via
952 998 972 1039 a
1012 975 1216 1040 substantivis

84 1083 246 1170 repetenda
273 1095 346 1148 sunt
375 1087 566 1173 composita,
592 1088 637 1150 ita
666 1085 811 1174 quidem,
840 1095 875 1150 ut
904 1086 1040 1172 primum
1072 1082 1214 1148 cumbis

84 1191 321 1276 praepositiones
363 1192 547 1278 conjunctas
590 1193 689 1258 fuisse
734 1192 920 1273 credamus,
977 1191 1092 1257 deinde
1136 1191 1213 1256 duo-

85 1297 137 1360 bus
165 1299 324 1364 elementis
354 1301 386 1362 in
418 1302 573 1366 unitatem
605 1301 750 1366 vocabuli
779 1302 847 1388 jam
889 1301 1036 1364 coartatis
1064 1299 1214 1365 suffixum

84 1425 119 1468 ιο
145 1407 310 1472 accessisse
339 1407 571 1473 secundarium.
597 1445 631 1458 -
657 1408 805 1475 Priorem
844 1409 1032 1473 sententiam
1065 1406 1215 1493 Meyerus

84 1515 310 1600 amplectitur¹)
332 1537 391 1579 nec
412 1517 540 1581 omnino
553 1518 634 1581 bane
656 1517 880 1582 condemnavit
898 1515 1070 1583 Olemmius
1083 1516 1120 1597 ²),
1143 1537 1215 1578 con·

83 1633 128 1686 tra
148 1623 273 1687 alterius
295 1623 473 1710 explicandi
494 1625 626 1691 rationis
653 1635 806 1712 patronus
829 1621 1142 1706 Weissenbornius⁸)
1163 1643 1215 1686 ex·

80 1729 160 1793 stitit
202 1729 288 1795 Talis
318 1740 422 1796 autem
452 1733 683 1798 sententiarum
707 1731 887 1796 differentia
909 1740 1064 1818 quantum
1087 1730 1214 1795 omnino

81 1837 188 1918 valeat,
209 1859 249 1902 ex
270 1860 309 1902 eo
332 1840 448 1925 optime
469 1839 673 1924 intellegitur,
698 1837 786 1925 quod
809 1837 981 1903 secundum
1002 1839 1139 1926 priorem
1162 1860 1215 1902 ex·

80 1943 273 2032 plicationem
294 1949 458 2034 utriusque
488 1948 578 2012 seriei
608 1947 760 2032 epitheta·
782 1945 1027 2012 determinativis
1049 1943 1216 2010 inserenda

79 2063 156 2134 sunt,
178 2076 250 2118 cum
272 2077 313 2118 ex
334 2054 432 2119 altera
452 2057 485 2118 in
506 2055 766 2121 attributivorum
782 2077 913 2120 numero
934 2055 1119 2119 habeantur.
1138 2052 1162 2118 J
1164 2075 1215 2116 am

79 2183 150 2226 vero
170 2163 256 2226 inre
278 2171 342 2226 tam
362 2162 484 2227 lubrica
505 2161 582 2249 quid
602 2163 673 2249 ipse
690 2163 869 2228 existimem
891 2173 925 2227 ut
940 2183 1107 2250 exponam,
1130 2161 1215 2248 equi·

79 2267 146 2332 dem
167 2269 251 2334 rixa
271 2291 322 2334 me
343 2271 512 2356 impetrare
534 2291 674 2358 possum,
698 2271 776 2358 quin
800 2269 932 2357 Meyero
954 2271 1118 2355 assentiar,
1142 2269 1217 2358 quia

79 2398 363 2460 numerus,eorum,
386 2379 501 2464 quibus
511 2400 570 2443 sua
591 2399 654 2441 non
670 2388 798 2444 exstant
809 2379 971 2466 simplicia,
994 2400 1064 2444 curn
1089 2379 1216 2443 omnino

79 2483 106 2546 in
135 2507 280 2549 sermone
302 2483 429 2550 Graeco
456 2487 494 2550 iis
523 2490 667 2574 superari
700 2485 847 2552 videatur
876 2508 998 2573 quaea
1031 2509 1086 2550 suc
1119 2485 1217 2572 quod-

79 2613 136 2676 que
158 2593 292 2680 simplici
314 2603 458 2680 repetere
472 2594 554 2671 licet,
576 2605 642 2657 tum
660 2592 743 2681 apud
759 2595 945 2682 Euripidem
961 2595 1089 2681 quidem
1106 2615 1217 2657 revera

79 2711 251 2786 superatur.
305 2701 358 2766 Ex
389 2723 426 2765 eo
449 2713 572 2785 autem,
606 2702 690 2788 qnod
724 2703 825 2767 multa
848 2725 923 2766 sane
946 2702 1088 2789 epitheta
1109 2710 1218 2766 carent

79 2807 290 2894 simplicibus,
322 2831 386 2873 non
418 2822 483 2874 tam
514 2821 635 2874 temere
657 2809 909 2874 concludendum
925 2809 994 2896 jam
1017 2811 1089 2892 erit,
1123 2809 1215 2872 etiarn

79 2937 200 3003 semper
251 2917 304 2980 illa
356 2919 395 2981 iis
447 2920 597 2983 caruisse.
655 2915 736 2996 Quis
759 2918 841 2981 enim
885 2939 942 3003 pro
977 2929 1064 2982 certo
1097 2937 1217 3001 negare

77 3022 187 3088 audeat
227 3025 260 3087 in
292 3047 410 3110 magna
430 3025 499 3108 illa,
530 3026 619 3114 cujus
646 3025 807 3111 jacturam
837 3024 996 3108 dolemus,
1029 3025 1216 3110 scriptorum

78 3135 164 3220 copia
201 3132 360 3219 quondam
415 3135 517 3200 locum
572 3133 720 3197 habuisse
764 3133 858 3196 etiam
902 3155 997 3196 unum
1043 3131 1216 3196 alterumve

77 3239 208 3326 simplex
230 3241 427 3324 vocabulum,
450 3242 536 3330 quod
559 3263 644 3306 nunc
667 3240 795 3328 quidem
818 3239 962 3304 divinare
985 3242 1086 3305 solum
1107 3261 1216 3326 possu-

78 3369 182 3412 muse
211 3359 336 3414 servato
358 3349 566 3436 composito?
599 3347 751 3414 Ceterum
774 3358 873 3412 totam
897 3348 980 3412 bane
1003 3347 1217 3434 quaestionem

78 3479 134 3520 non
157 3465 252 3520 antea
273 3457 366 3544 plane
389 3459 598 3547 absoluteque
628 3457 862 3544 dijudicandam
896 3479 966 3522 esse
987 3457 1122 3520 libenter
1145 3477 1215 3519 con-

78 3563 167 3648 cedo,
203 3586 297 3650 quam
326 3575 505 3632 ceterorum
529 3587 658 3656 quoque
680 3567 868 3652 scriptorum
890 3588 976 3646 usus,
1000 3575 1155 3650 quatenus
1177 3561 1217 3626 ad

78 3671 132 3736 hoc
150 3673 290 3759 pertinet
320 3678 572 3762 compositorum
601 3697 721 3762 genus,
752 3674 920 3762 diligenter
953 3673 1135 3760 exploratus
1168 3672 1217 3737 sit.

79 3779 135 3858 Qui
167 3779 270 3866 qualis
312 3792 415 3845 exstet
456 3784 546 3870 apud
577 3781 764 3870 Euripidem
797 3781 823 3845 si
855 3781 915 3845 hac
944 3779 1154 3868 disputatione
1187 3778 1219 3842 in

80 3890 211 3954 omnium
233 3899 403 3974 conspeetu
424 3893 554 3977 positus
576 3913 662 3955 nunc
684 3891 732 3968 sit,
755 3909 881 3978 operum
904 3899 937 3953 et
957 3887 1062 3952 oleum
1083 3906 1134 3950 me
1154 3908 1217 3950 non

80 3993 247 4080 perdidisse
264 3994 337 4080 jure
358 3997 497 4064 confido.

143 4267 162 4332 ¹)
180 4267 252 4317 curs
271 4267 345 4318 siun.
363 4268 395 4318 v.
414 4283 437 4332 p
463 4271 500 4318 rs.
524 4270 561 4318 rs.

140 4351 161 4418 ²)
179 4351 252 4403 eust
270 4352 345 4402 sed.
365 4353 421 4402 vu.
440 4369 465 4420 p.
485 4359 525 4404 sr.

142 4435 163 4504 ¹)
183 4438 232 4502 ¹,ds
250 4438 389 4506 adjectivis
407 4439 556 4506 compositis
574 4437 735 4490 Homericis¹⁴
754 4435 842 4502 (uun
860 4437 924 4488 Su.
945 4437 1024 4498 1865)
1043 4454 1069 4504 p.
1087 4440 1130 4488 tt.
