3030 5266
712 597 913 662 ..74-

248 775 297 840 Ac
316 776 450 862 primum
481 777 609 864 quidem
637 768 873 859 αἰχμαλωτικός
900 778 1015 863 legitur
1036 776 1153 844 Troad.
1184 778 1242 844 871
1265 769 1384 857 δόμοις

245 878 346 948 τοῖσδ’
365 875 398 950 ἐν
417 879 680 969 αἰχμαλωτικοῖςς
698 887 883 952 femininum
905 895 1009 952 sutem
1031 882 1241 968 υἰχμαλωυίς,
1262 886 1295 950 iu
1317 908 1382 972 quc

247 989 373 1055 uberior
407 991 466 1056 fuit
493 992 680 1079 Euripides,
716 994 802 1060 hisce
839 994 916 1058 locis
955 995 1089 1060 occurrit
1124 1015 1131 1058 ε
1167 993 1246 1058 Hoc.
1290 994 1381 1076 1016,

250 1098 347 1163 1096*
355 1149 364 1182 ,
396 1099 492 1183 11203
514 1100 614 1163 Andr.
637 1100 714 1184 962,
741 1102 840 1184 10593
863 1100 983 1166 Phoen.
1009 1101 1099 1184 185*‚
1128 1101 1198 1167 564.
1223 1137 1256 1149 -
1282 1099 1382 1165 Oaret

247 1204 362 1270 suffixo
395 1198 598 1294 οἰστροπλήξ
628 1209 740 1294 fauore
760 1209 911 1275 laedatur
938 1232 946 1272 :
974 1208 1090 1274 Bacch.
1121 1208 1200 1274 1229
1225 1199 1383 1294 Αὐτονόην

245 1303 314 1378 Ἰνώ
334 1306 440 1396 adpo
460 1309 705 1402 οἰστροπλῆγας.

328 1418 510 1488 Procedant
527 1423 594 1509 jam
616 1445 698 1510 quae
720 1425 759 1488 ab
782 1422 946 1510 adjectivis
967 1423 1120 1509 incipiunt
1141 1426 1175 1506 (ξ
1200 1424 1251 1508 13)
1267 1403 1281 1487 ἰ
1303 1413 1381 1488 tod-

247 1527 369 1615 δελφος
390 1553 397 1593 :
420 1528 476 1596 Or.
500 1532 599 1597 1015*
625 1524 778 1617 Πυλάδης
808 1521 985 1616 ἰοόόεμυος
1012 1523 1108 1618 ἅυὴρ;
1142 1568 1174 1578 --
1205 1517 1380 1606 ἰυόυεκυςε

247 1635 303 1702 Or.
335 1637 414 1703 200*
443 1627 578 1720 ὀλόμεθ’
601 1635 778 1723 ἷσονέκυες;
809 1675 851 1688 —-
879 1629 1072 1725 οἷξιόθρηυος
1104 1662 1111 1702 :
1143 1637 1211 1704 Alc.
1243 1637 1322 1704 904*
1353 1625 1384 1722 ql

247 1733 340 1829 κόρος
353 1734 553 1832 οἷξιόθρηυος
573 1742 691 1831 (ἕλειος
717 1786 750 1794 -
774 1736 955 1832 ἀξιόχρεως
977 1770 985 1811 :
1007 1746 1063 1814 Or.
1088 1747 1147 1813 057
1170 1741 1190 1834 ἢ
1209 1741 1264 1812 οὐκ
1287 1735 1383 1826 οἷξιό-

245 1873 348 1938 χρεως
379 1843 514 1938 όθοόςς
548 1855 632 1942 quod
665 1855 800 1921 Weilius
823 1855 960 1941 explicat
972 1855 997 1938 ¹)
1020 1877 1027 1918 :
1050 1854 1078 1919 la
1100 1853 1182 1934 dieu,
1204 1854 1319 1942 auquel
1348 1855 1383 1940 p'e

245 1961 320 2044 puio
340 1960 418 2026 m'ea
446 1963 581 2048 rasator,
611 1962 729 2028 a’csto'l
744 1986 808 2050 pus
829 1987 871 2027 aa
890 1974 1009 2051 pararat
1035 1960 1128 2026 d'uoa
1155 1984 1241 2025 aesca
1258 1961 1384 2050 prande

247 2069 383 2133 autoritl
394 2092 482 2155 pour
501 2093 548 2135 me
569 2069 656 2134 lacer
672 2069 710 2134 da
724 2069 758 2134 la
771 2061 947 2135 soucllara‘l
967 2105 1009 2118 ·-
1031 2059 1231 2152 α’ξιοπευθὴς
1253 2091 1260 2132 :
1281 2066 1382 2156 Hipp.

249 2174 346 2241 1465*
366 2176 429 2240 τῶν
448 2171 509 2262 γοῖρ
534 2169 681 2262 μεγάλων
702 2169 914 2258 όξιοπευόεῖς
935 2183 1043 2265 φῆμαι
1062 2173 1186 2258 μᾶλλον
1204 2169 1383 2255 κατέχουσι.

250 2319 284 2330 -
308 2273 545 2368 όποιρόκακοςε
568 2283 637 2350 Alc.
659 2286 738 2373 927*
760 2288 809 2352 ool
832 2277 930 2372 ἦλθον
950 2271 1162 2370 α’πειροκόκῳ
1183 2275 1253 2350 τόδ’
1274 2277 1382 2367 ἄλγος.

249 2426 282 2438 -
307 2390 368 2454 His
389 2404 519 2479 propter
541 2393 671 2458 similem
700 2403 844 2458 naturam
874 2393 1034 2480 subjungo
1066 2383 1255 2476 μουομότωρ
1282 2405 1383 2457 matre

242 2501 392 2588 privatus
413 2523 421 2563 :
446 2500 566 2565 Phoen.
600 2503 697 2568 1517*
723 2502 774 2579 τίς
802 2495 853 2589 ἄρ’
874 2495 960 2589 όρνις
987 2491 1206 2587 μονομότορος
1226 2493 1384 2585 ὀδυρμοῖς

246 2600 336 2688 ἐμοῖς
357 2601 450 2689 όχευι
472 2601 630 2693 υυυῳόόςς
659 2612 792 2698 simplex
812 2611 908 2675 etiam
928 2601 1026 2691 μόνος
1045 2609 1224 2696 analogiam
1245 2630 1384 2695 sequens

247 2714 474 2800 adjectivorum
496 2717 703 2804 privationem
727 2719 971 2805 exprimentium
993 2741 1064 2782 cum
1085 2717 1235 2803 genetivo
1258 2712 1383 2801 Sopho·

247 2821 311 2886 oles
332 2822 497 2908 conjunxit
517 2825 570 2910 Aj.
591 2827 653 2891 510
673 2825 735 2891 οοῦ
764 2815 897 2908 μόνοςῖ)
922 2861 956 2874 -
982 2823 1130 2910 Denique
1155 2821 1287 2890 Seidleri
1309 2844 1382 2886 con-

243 2929 400 3015 jecturam
419 2933 547 2997 nomino
569 2954 720 3019 eamque,
741 2941 778 2997 ut
799 2933 931 3013 videtur,
953 2931 1238 3018 probabilissimam
1259 2917 1383 3016 ἐρημό-

247 3037 371 3123 πτολις,
393 3038 478 3126 quod
499 3039 550 3104 ille
574 3040 668 3104 scribi
685 3041 780 3128 jubet
800 3039 917 3106 Troad.
941 3039 1021 3105 603*
1042 3034 1256 3125 ἕρημόπτολις
1275 3028 1384 3124 μάτηρ

248 3135 466 3214 α’πολείπεοαι
488 3143 576 3227 ὑμῶν
596 3171 653 3235 pro
675 3149 824 3213 librorum
846 3143 965 3234 ἔρημος
986 3142 1091 3222 πόλις.
1135 3145 1254 3210 Dubito
1276 3154 1382 3210 autem
1420 3153 1422 3158 ’

250 3255 289 3321 de
319 3278 398 3321 voce
419 3248 627 3342 ἐχθρόξενος,
659 3278 740 3342 quae
762 3258 891 3320 minoris
912 3256 1004 3344 pretii
1036 3253 1193 3319 codicibus
1216 3251 1383 3317 exhibetur

248 3365 317 3428 Alo.
340 3365 418 3445 558,
449 3364 501 3429 ubi
533 3363 747 3430 Kirchhoffius
775 3364 921 3449 quidem,
954 3363 1067 3451 prioris
1099 3359 1382 3447 manuscriptorum

248 3471 358 3536 classis
379 3480 541 3559 patronus,
564 3471 688 3560 scripsit
709 3495 716 3535 :
739 3462 856 3550 δόμους
877 3470 1053 3536 καλεῖσθαι
1073 3464 1147 3544 toric
1168 3463 1263 3551 ἑμοός
1285 3489 1382 3533 κακο-

248 3577 374 3662 §torem
407 3579 461 3644 sed
484 3577 667 3644 adsensum
690 3601 761 3643 cum
782 3579 842 3644 hoo
862 3602 925 3643 non
946 3580 1050 3642 minus
1072 3599 1167 3664 quam
1188 3575 1264 3640 illud
1285 3574 1382 3662 quad-

247 3695 306 3769 ret,
327 3697 393 3753 tota
413 3689 492 3752 haec
514 3688 655 3775 quaestio
679 3686 718 3752 de
740 3686 1035 3774 sententiapeudet‚
1057 3707 1152 3772 quam
1173 3683 1243 3771 quis
1259 3683 1381 3748 deauc-

247 3796 373 3859 toritate
406 3793 549 3860 codicum
582 3795 640 3859 sibi
672 3793 896 3859 informaverit.
949 3793 1180 3859 Attributivum
1212 3782 1384 3872 κακόξουος

247 3913 375 3989 praeter
396 3901 480 3967 huno
501 3903 604 3968 locum
619 3924 682 3967 non
697 3905 856 3967 invenitur
877 3902 935 3966 nisi
958 3904 992 3966 in
1005 3901 1100 3966 Hom.
1115 3915 1143 3965 υ.
1158 3901 1229 3980 376,
1251 3902 1331 3965 sicut
1351 3901 1383 3965 in

317 4250 337 4319 ¹)
355 4267 378 4302 a.
397 4251 413 4301 1.

318 4361 341 4430 ²)
359 4365 399 4414 De
416 4363 467 4416 hoc
493 4365 617 4431 Meyarua
642 4363 765 4430 disputat,
792 4367 863 4418 Ourt.
888 4367 961 4418 mun.
985 4367 1050 4432 Vp.
1071 4369 1101 4418 15
1127 4379 1239 4431 quocum
1266 4365 1385 4416 Glemmii

255 4450 334 4504 verbs
351 4451 476 4514 conferas,
494 4451 567 4502 stud.
585 4450 634 4502 VII
650 4465 675 4516 p.
693 4453 734 4504 88.
