3030 5266
730 569 951 636 -112—

357 753 466 839 Atque
497 752 529 816 in
550 753 611 817 hoc
631 751 760 837 quidem
783 753 886 839 capite
906 751 1115 838 dascnpta‘om
1140 773 1222 839 quae
1242 754 1414 839 voluimus,
1504 775 1505 796 ³

276 859 410 947 epitheto
430 859 595 924 tractanda
616 859 707 923 nobis
727 869 827 941 erunt,
849 881 984 945 quorum
1004 861 1141 944 quaesit
1154 861 1284 948 propria
1298 871 1418 927 natura

277 977 308 1032 et
329 967 471 1034 condicio
494 988 620 1053 quaque
651 967 851 1053 potissimum
869 987 905 1030 re
926 989 946 1030 a
966 967 1152 1032 necessariis
1173 969 1244 1055 ipsa
1265 968 1418 1035 differant
1504 1037 1505 1050 ¹

276 1075 339 1159 jam
371 1078 412 1157 ξς
445 1079 461 1138 1
487 1086 518 1139 et
537 1076 559 1139 2
580 1074 656 1138 satis
681 1074 903 1139 indicavimus.
949 1073 1081 1156 Tamen,
1103 1086 1138 1140 ut
1161 1076 1203 1140 ab
1217 1078 1304 1141 omni
1324 1088 1417 1164 parte
1504 1071 1505 1140 i

277 1182 349 1247 huic
371 1183 581 1269 epithetorum
610 1184 720 1266 generi
740 1179 847 1246 lumen
870 1182 1038 1266 adoratur,
1061 1181 1123 1247 duo
1145 1185 1335 1270 praesertim
1361 1186 1417 1249 ba·
1504 1225 1505 1246 t

277 1291 354 1373 beo,
388 1312 470 1376 quae
502 1295 630 1376 insuper
650 1311 778 1372 monere
815 1289 927 1376 placet
946 1328 987 1338 —
1009 1290 1152 1354 Primum
1174 1292 1258 1355 enim
1281 1290 1320 1356 de
1342 1314 1417 1356 con·

277 1398 345 1465 silio
382 1399 408 1461 si
441 1396 620 1483 quaeritur,
653 1396 736 1482 quod
766 1395 825 1460 hoc
856 1418 975 1481 genere
1003 1397 1212 1485 epithetorum
1244 1399 1418 1486 Euripides

276 1515 402 1570 secutus
432 1526 502 1568 esse
523 1505 681 1586 videatur,
714 1515 799 1568 certe
842 1504 1024 1570 verendum
1047 1505 1123 1574 mihi
1157 1527 1220 1569 non
1254 1508 1331 1589 erit,
1375 1529 1415 1572 ne
1504 1533 1505 1536 ¹

275 1632 315 1676 ex
358 1611 643 1697 „necessariorum“
688 1633 784 1698 quam
807 1611 1007 1677 'instituimus
1049 1613 1250 1700 oppositione
1294 1622 1416 1678 temere

276 1720 346 1806 quis
368 1718 554 1802 concludat,
588 1719 648 1783 hoc
677 1741 728 1784 me
749 1719 869 1784 nullum
901 1719 999 1786 fuisse
1020 1721 1206 1785 arbitratum
1227 1743 1298 1786 esse
1319 1731 1415 1808 atque
1504 1731 1505 1798 ἶ

276 1825 345 1913 ipsa
366 1827 419 1890 illa
447 1849 505 1913 pro
528 1827 636 1891 otiosis
656 1849 708 1892 me
739 1828 895 1894 habuisse.
938 1827 1040 1893 Immo
1061 1848 1137 1891 vero
1160 1850 1317 1892 summum
1338 1827 1416 1893 illud

277 1942 345 1998 erat
367 1944 398 1998 et
428 1933 555 1998 dictioni
582 1935 724 2021 inprimis
745 1934 953 2002 conveniebat
972 1935 1124 2022 poeticae.
1168 1935 1318 2022 Namque
1342 1937 1414 2023 „de-
1504 1913 1505 1996 l

278 2041 518 2129 scriptivornm“
540 2044 738 2128 potissimum
759 2045 872 2108 merito
904 2052 1032 2107 actuosa
1061 2041 1097 2106 lit
1126 2043 1239 2124 oratio,
1272 2041 1306 2106 id
1328 2042 1415 2129 quod
1504 2095 1505 2108 .

277 2171 373 2236 supra
395 2150 465 2233 jam
487 2153 507 2232 ξ
536 2152 553 2212 1
579 2149 782 2214 ostendimus.
839 2147 934 2226 Quod
956 2171 1026 2214 cum
1047 2151 1174 2214 omnino
1199 2151 1233 2213 in
1254 2150 1415 2238 „descrip
1504 2131 1505 2172 ³

276 2259 360 2322 tivaa
384 2257 498 2323 cadere
519 2266 620 2344 patet,
653 2267 719 2322 tum
740 2259 877 2322 maxime
898 2258 929 2322 in
953 2259 1133 2345 composita
1176 2257 1307 2322 Plenior
1330 2261 1414 2322 enim

277 2375 309 2430 et
341 2365 466 2430 uberior
501 2387 595 2451 quam
627 2365 814 2456 simplicium
848 2376 895 2428 est
926 2367 1169 2452 compositorum
1212 2365 1411 2452 significatio.
1504 2369 1505 2458 ζ

277 2469 349 2551 Quo
370 2475 402 2536 in
422 2495 540 2559 genere
572 2496 611 2538 ne
634 2474 782 2559 exempla
804 2471 925 2556 desint,
957 2473 1136 2561 compositis
1158 2480 1275 2558 quanto
1299 2472 1414 2538 elarius
1504 2465 1505 2544 J

271 2567 314 2646 'sc
336 2580 500 2644 dilucidius
529 2603 625 2667 quam
647 2580 839 2668 simplicibus
873 2583 977 2643 animo
1000 2590 1151 2666 tanquam
1172 2590 1361 2664 praesentes
1383 2588 1415 2644 et

277 2687 402 2752 vividae
422 2711 527 2753 rerum
558 2709 806 2774 personarumve
827 2689 983 2772 imagines
1003 2684 1173 2752 intuendae
1194 2685 1414 2770 exhibeantur,
1504 2679 1505 2726 l

277 2795 354 2861 haec
385 2795 461 2860 mihi
482 2797 576 2861 liceat
596 2796 736 2883 epitheta
766 2816 944 2882 proponere
965 2795 1136 2860 Homerica
1157 2816 1165 2858 :
1186 2802 1270 2858 terra
1301 2788 1430 2879 adpaic«
1504 2846 1505 2878 ,

276 2897 455 2988 nominatur
486 2914 518 2967 et
538 2895 712 2988 εόρυόδεια
732 2904 788 2988 (Π.
810 2904 887 2984 635,
908 2926 937 2987 y.
960 2901 1053 2990 453);
1075 2923 1162 2968 mare
1184 2892 1332 2983 (πόντος)
1354 2923 1411 2965 xv-
1504 2909 1505 2972 l

275 3012 395 3094 μαίνων
410 3009 461 3094 (Ξ.
476 3011 546 3095 229,
569 3010 598 3075 d.
614 3012 689 3096 ffb)
706 3021 738 3074 et
752 3009 975 3086 πολύκλυστος
996 3011 1039 3094 (d.
1052 3011 1129 3090 354)
1142 3033 1150 3092 3
1169 3008 1261 3074 hasta
1274 2999 1413 3090 χάλκεος
1504 3039 1505 3070 ;

279 3123 328 3203 (Γ.
351 3119 435 3201 317.)
458 3129 489 3181 et
509 3108 713 3206 χαλκοβαρής
735 3118 777 3201 (s.
799 3120 884 3203 see),
907 3121 997 3183 nans
1017 3110 1100 3194 ὠκύς
1121 3119 1171 3201 (o.
1196 3118 1271 3199 ror,
1293 3141 1315 3182 ι.
1340 3117 1411 3198 101)
1504 3097 1505 3116 ¹

278 3235 309 3291 et
329 3217 501 3312 ω’κύπορος
521 3227 571 3310 (A
585 3229 655 3309 421,
679 3226 708 3290 d.
725 3226 809 3310 708),
830 3217 978 3301 mariadoc
992 3227 1042 3309 (Ο.
1065 3225 1133 3306 705,
1155 3245 1188 3306 μ.
1206 3223 1294 3308 182);
1313 3246 1411 3310 equus

277 3328 363 3410 ω’κὺς
391 3335 434 3417 (Γ
450 3334 525 3418 263)
553 3344 584 3398 et
604 3324 754 3408 ὠκύπους
775 3333 819 3419 (Β
839 3333 932 3416 383),
954 3323 1120 3418 ω’κυπετής
1141 3331 1192 3416 (Θ.
1213 3331 1264 3413 42,
1286 3337 1324 3398 Ν.
1347 3333 1411 3415 24),

246 3483 249 3491 ·
277 3432 424 3526 ποδώκης
444 3441 495 3525 (Β.
519 3441 612 3525 764),
642 3451 750 3505 taurus
772 3439 882 3506 αἴθων
904 3443 960 3522 (ll.
980 3440 1062 3523 488,
1084 3459 1113 3504 o.
1136 3439 1210 3522 372)
1234 3448 1266 3501 et
1287 3437 1412 3526 αἲθσψ,

278 3549 402 3637 quibus,
433 3569 473 3612 ne
506 3549 555 3612 cui
587 3547 711 3634 longior
744 3570 815 3612 esse
834 3547 970 3630 uidear,
999 3546 1059 3610 alia
1097 3555 1263 3633 praeterea
1294 3543 1411 3610 addere

278 3657 435 3740 omitt01).
477 3654 606 3739 Tragici
634 3665 756 3735 antem,
786 3666 821 3720 ut
841 3655 909 3720 aliis
928 3656 959 3718 in
982 3655 1095 3738 rebus,
1118 3654 1162 3717 sic
1182 3653 1214 3717 in
1235 3652 1296 3717 hoe
1317 3655 1411 3719 etiam

278 3763 486 3851 epithetorum
518 3784 636 3848 genere
669 3784 732 3826 non
760 3784 862 3849 pauca
894 3762 1027 3826 mutuati
1055 3770 1128 3825 sunt
1156 3784 1177 3825 a
1196 3770 1290 3846 poeta
1312 3761 1411 3847 epico.

279 3867 345 3937 Sed
377 3871 456 3935 adeo
489 3891 553 3933 non
585 3870 679 3934 anxie
708 3869 752 3933 illi
780 3868 872 3955 hujus
901 3871 1035 3953 vestigia
1066 3869 1225 3957 persecuti
1256 3878 1345 3946 sunt,
1376 3878 1412 3931 ut
1504 3911 1505 3914 κ

277 3976 362 4043 idem
384 3999 511 4064 semper
531 3977 617 4063 quod
638 3977 689 4040 ille
713 3977 874 4064 epitheton
900 3977 1002 4042 eidem
1034 3977 1128 4044 etiam
1150 3975 1346 4042 substantivo
1366 3984 1410 4040 at·
1504 4025 1505 4032 1

278 4189 474 4201 ....----—-·

348 4328 367 4398 ¹)
386 4330 444 4382 Alia
462 4329 484 4382 si
502 4337 633 4396 praeterea
650 4329 774 4396 inspicere
787 4329 839 4391 vis,
852 4330 1026 4381 Dnentaerum
1046 4331 1139 4396 adeas,
1157 4334 1174 4384 l.
1187 4349 1207 4385 c.
1221 4350 1245 4401 p.
1267 4339 1409 4398 olo-516,
1504 4321 1505 4326 ¹

278 4419 420 4470 bad-548.
