3072 5278
191 1861 244 1926 De
266 1861 446 1946 compositis
466 1859 603 1926 Graecis
632 1881 714 1947 quac
742 1860 802 1924 viri
824 1858 907 1924 docti
934 1882 1030 1948 opera
1052 1861 1246 1949 scripserunt

102 1990 145 2034 ex
179 1989 243 2054 qno
265 1969 393 2032 omnino
414 1968 474 2032 coli
509 1975 623 2055 coepta
644 1977 693 2032 est
713 1970 920 2054 grammatica
940 1971 1175 2056 comparativa,
1207 1993 1245 2035 ea

101 2077 197 2140 initio
219 2075 284 2140 fere
306 2077 412 2140 omnia
432 2077 477 2140 ita
497 2085 680 2162 comparata
701 2084 809 2158 erant,
838 2085 874 2140 ut
894 2085 949 2141 aut
970 2075 1011 2141 ad
1032 2085 1131 2141 totam
1152 2099 1243 2142 voca·

102 2185 250 2248 bulcrum
281 2184 525 2269 compositorum
557 2183 792 2248 multitudinem
822 2184 941 2268 pariter
973 2194 1155 2270 spectarent
1190 2194 1245 2248 aut

102 2292 144 2356 de
167 2301 255 2356 certe
276 2289 412 2377 quadam
431 2290 557 2355 illorum
578 2291 679 2356 classe
702 2299 825 2371 essent,
845 2313 942 2377 quam
964 2313 982 2356 e
1003 2301 1069 2356 toto
1088 2293 1245 2378 composi·

1 2429 2 2434 ¹
103 2411 212 2464 torum
232 2397 378 2462 thesauro
399 2397 595 2464 sacrandam
618 2400 679 2464 sibi
701 2399 868 2484 scriptores
890 2399 1070 2485 elegissent.
1108 2399 1153 2463 Et
1172 2422 1245 2486 pro·

103 2507 190 2571 fecto
202 2506 210 2569 l
232 2507 321 2571 initio
332 2529 372 2570 ne
386 2515 556 2593 potuerunt
570 2506 699 2592 quidem
715 2505 808 2570 aliam
822 2507 867 2570 illi
881 2508 965 2570 viam
979 2505 1124 2592 in'gredi3
1140 2507 1243 2592 primo

103 2615 190 2678 enim
212 2613 301 2699 leges
321 2613 560 2678 constituendae
582 2621 683 2696 erant,
709 2635 787 2699 quas
807 2614 841 2677 in
864 2613 1091 2699 componendis
1113 2614 1244 2678 nomini·

103 2721 166 2784 bns
195 2757 238 2767 -
268 2743 341 2784 nam
373 2720 412 2784 de
446 2721 496 2784 his
531 2720 606 2785 solis
643 2722 751 2807 agitur
771 2721 952 2788 -Graeci
988 2723 1087 2786 secuti
1119 2728 1244 2803 essent,

104 2837 219 2914 postea
246 2827 296 2892 his
312 2828 382 2914 jam
402 2827 576 2912 exploratis
606 2827 764 2892 etiamad
786 2828 928 2913 singulas
949 2829 1151 2914 quaestiones
1173 2827 1244 2892 sub·

104 2936 191 3000 tilius
221 2935 457 3022 persequendas
475 2937 529 3000 via
556 2936 647 3000 facile
676 2936 785 3024 patuit.
829 2925 885 3000 Sic
912 2936 1093 3022 nuperrime
1115 2935 1242 3000 exstite-

104 3052 197 3126 runt,
220 3044 276 3129 qui
295 3043 328 3106 in
350 3043 595 3128 compositorum
617 3065 728 3124 usum,
751 3043 853 3129 qualis
875 3043 960 3130 apud
981 3043 1065 3106 hunc
1085 3041 1137 3106 vel
1158 3042 1244 3106 illum

104 3151 292 3238 scriptorem
320 3151 473 3230 cernitur,
505 3151 679 3214 accuratius
714 3151 911 3236 inquirerent
921 3151 967 3234 ¹),
999 3145 1111 3236 quanti
1139 3158 1245 3214 autem

104 3257 265 3346 ejusmodi
284 3257 461 3344 peculiares
482 3258 682 3344 quaestiones
697 3255 911 3322 aestimandae
926 3257 991 3321 sint
1010 3278 1052 3320 ne
1067 3256 1164 3321 verbo
1179 3256 1245 3341 qui-

105 3367 181 3430 dem
202 3362 427 3452 exponendum
449 3365 517 3446 erit,
538 3365 614 3450 quia
634 3385 692 3451 per
713 3385 747 3428 se
762 3365 839 3428 satis
860 3386 912 3430 res
927 3363 1039 3428 elucet
1062 3361 1134 3426 Hoc
1147 3383 1243 3426 unum

105 3473 201 3536 velim
222 3475 255 3536 in
275 3472 460 3537 memoriam
481 3471 538 3535 tibi
559 3492 655 3536 voces
688 3471 808 3558 justam
842 3494 880 3536 ac
900 3471 1027 3558 plenam
1049 3469 1245 3536 Graecorum

105 3581 353 3668 compositorum
372 3579 552 3658 historiam,
584 3579 674 3664 cujus
691 3578 760 3665 jam
781 3581 814 3644 in
849 3579 916 3645 dies
949 3577 1069 3664 majore
1101 3586 1245 3642 tenemur

106 3687 281 3770 desiderio,
314 3709 378 3752 non
400 3696 494 3752 antea
525 3687 683 3752 conscribi
704 3707 818 3773 posse,
841 3685 996 3775 quamde
1018 3683 1244 3750 consuetudine

104 3796 184 3860 entis
204 3803 327 3861 constet
349 3794 546 3880 singulorum
568 3794 767 3880 scriptorum.

192 3904 310 3990 Atque,
332 3901 364 3966 id
380 3901 466 3988 qued
480 3902 595 3966 mirum
617 3902 735 3966 nemini
750 3900 917 3983 videbitur,
939 3901 993 3986 qui
1015 3899 1053 3964 ab
1075 3899 1134 3964 hac
1155 3909 1245 3985 parte

108 4012 188 4076 certi
208 4009 372 4094 cujusdam
394 4009 555 4096 scriptoris
570 4031 667 4096 opera
684 4007 912 4096 perscrutanda
926 4008 985 4072 sibi
1006 4015 1245 4095 proposuerant,

109 4197 306 4208 ———-a———=

180 4311 199 4379 ¹)
216 4313 271 4364 Non
290 4313 381 4363 herum
407 4313 508 4374 solum,
535 4312 580 4363 sed
599 4312 722 4372 omniurn,
748 4310 794 4377 qui
820 4310 846 4362 in
869 4309 1018 4377 compositis
1036 4308 1142 4362 Graecis
1159 4313 1246 4360 nostra

108 4401 193 4450 unte
211 4397 421 4458 clamaverunt,
440 4397 572 4450 doctorum
590 4397 704 4448 virorum
722 4413 799 4464 opere
816 4411 833 4448 ι
851 4399 883 4450 G.
901 4397 1008 4464 Meysro
1024 4401 1113 4447 notatu
1129 4393 1245 4444 invenies

108 4483 193 4534 Curtii
210 4483 281 4536 stud.
300 4485 322 4536 V
339 4499 365 4550 p.
387 4487 468 4548 1-e3
485 4484 610 4535 nonnulle
621 4483 762 4535 Glsmrnius
779 4489 869 4548 postea
885 4481 984 4534 eddidit
995 4479 1065 4534 Stnd.
1078 4479 1126 4530 Vll
1138 4494 1162 4545 p.
1178 4485 1198 4530 1.

1030 4567 1042 4632 i
