3076 5294
708 655 925 719 ..190-

248 840 300 924 (P.
311 835 397 920 424),
412 834 575 923 Νεστορέῃ
591 829 684 919 nupsi
704 831 757 922 νηΐ
770 834 823 919 (Β.
839 835 914 915 54);
938 831 1073 919 Γοργείη
1095 825 1222 922 κεφαλή
1231 835 1291 918 ’(Ε.
1307 834 1380 915 741)

248 968 306 1032 pro
336 935 450 1009 νόστου
479 931 575 1028 ἦμαρ,
608 934 742 1027 σιδήρου
770 933 971 1027 ὀρυμαγδός,
1004 941 1168 1027 Νέστορος
1197 936 1294 1026 παρὰ
1324 938 1383 1027 νηΐ,

248 1056 391 1137 Γοργοῦς
419 1037 554 1136 κεφαλή,
574 1049 659 1115 idem
681 1051 780 1114 multo
802 1051 907 1135 magis
928 1047 1012 1112 cadit
1032 1049 1064 1113 in
1087 1051 1226 1136 tragicos
1238 1051 1275 1135 ¹).
1319 1049 1382 1115 Ne·

249 1181 312 1247 que
333 1181 390 1246 pro
412 1157 584 1222 attributivi
605 1158 745 1241 genetivi
768 1166 799 1221 et
820 1157 968 1242 adjectivi
988 1165 1102 1220 natura
1123 1157 1294 1244 quicquam
1316 1157 1384 1221 fere

249 1263 445 1330 differentiae
465 1265 549 1329 inter
568 1271 735 1350 utramque
757 1263 953 1350 exprimendi
974 1266 1129 1328 rationem
1150 1265 1329 1349 intercedit,
1351 1275 1385 1328 ut

245 1373 319 1458 jure
340 1371 379 1436 ab
402 1373 461 1436 hac
482 1381 574 1458 parte
596 1370 637 1436 G.
658 1372 697 1434 R.
714 1370 907 1436 Schmidtius
929 1373 1105 1459 moneat¹)‚
1126 1371 1237 1437 harum
1259 1394 1384 1461 permu-

248 1481 402 1545 tationem
428 1479 495 1543 fieri
526 1478 614 1544 salva
642 1482 768 1544 omnino
791 1481 946 1568 sententia
966 1501 1071 1566 neque
1102 1465 1134 1542 in
1157 1479 1221 1544 ulla
1242 1502 1278 1544 re
1301 1479 1385 1566 quod

249 1589 332 1652 inter
360 1597 526 1673 utramque
558 1585 726 1652 dictionem
759 1587 927 1652 discrimen
960 1609 1030 1651 esse
1058 1587 1128 1675 ipse
1159 1587 1238 1650 velit
1272 1587 1334 1651 nisi
1353 1587 1385 1650 in

250 1696 353 1759 forma
375 1695 469 1758 cerni.
513 1692 676 1771 Ceterum,
695 1702 765 1759 utut
785 1716 837 1758 res
858 1715 892 1759 se
913 1695 1026 1776 habet,
1055 1693 1181 1759 dicendi
1202 1693 1335 1758 audacia
1354 1694 1386 1758 in

250 1802 420 1866 artificiosa
449 1801 508 1865 hac
529 1801 660 1886 epitheti
691 1825 761 1866 eum
793 1804 922 1866 nomine
944 1801 1168 1887 conjunctione
1188 1802 1303 1888 negari
1323 1823 1386 1867 non

250 1911 383 1996 poterit3
409 1908 511 1994 major
532 1917 638 1973 autem
660 1909 739 1973 hacc
760 1929 831 1974 esse
852 1910 951 1992 solet,
986 1911 1013 1973 si
1034 1910 1173 1997 epitheta
1194 1920 1268 1974 sunt
1305 1931 1386 1974 com·

251 2019 362 2102 posita

333 2125 439 2208 Atque
460 2123 492 2186 in
512 2123 696 2187 universum
717 2122 854 2208 quidem,
876 2133 911 2187 ut
931 2145 1017 2187 nunc
1033 2123 1102 2210 jam
1124 2127 1271 2211 exempla
1296 2125 1387 2190 Euri-

251 2229 345 2318 pidea
366 2229 406 2295 ad
428 2239 528 2296 certas
549 2230 664 2295 classes
682 2231 831 2316 redigere
858 2253 1028 2314 conemur,
1057 2253 1115 2317 pro
1134 2241 1251 2297 natura
1271 2233 1389 2297 scilicet

253 2338 321 2423 ejus
342 2338 501 2420 vocabuli,
535 2339 625 2424 cujus
657 2340 807 2424 genetivo
839 2340 910 2426 ipsa
941 2341 1081 2426 epitheta
1112 2339 1276 2407 reddenda
1307 2352 1388 2425 sunt,

253 2446 323 2510 illas
355 2445 575 2531 quadruplices
607 2465 677 2511 esse
709 2446 937 2512 contendimus.
990 2445 1130 2512 Primum
1163 2450 1264 2532 enim,
1295 2451 1389 2536 idque

254 2555 519 2640 simplicissimum
541 2564 605 2636 est,
629 2563 797 2641 utrumque
820 2556 950 2642 epitheti
971 2555 1147 2621 membrum
1168 2556 1297 2644 plenam
1318 2560 1389 2622 reti·

253 2683 334 2725 nens
366 2683 403 2724 ac
437 2663 597 2749 propriam
629 2663 693 2726 vim
724 2671 756 2727 ct
776 2671 967 2750 potestatem
995 2665 1073 2728 duas
1094 2665 1242 2729 notiones
1264 2665 1389 2730 efficere

166 2768 175 2791 ‘
255 2770 351 2853 solet,
385 2791 518 2854 quarum
549 2779 603 2833 aut
623 2769 686 2833 dno
708 2773 847 2856 genetivi
870 2771 910 2835 de
930 2773 1080 2857 primario
1103 2773 1230 2837 nornine
1250 2774 1297 2836 ita
1318 2774 1391 2858 qui·

256 2877 327 2942 dem
349 2876 495 2962 pendent,
517 2883 552 2940 ut
572 2877 652 2941 alter
672 2865 762 2942 alteri
784 2870 944 2963 subjectus
958 2879 1009 2960 ait,
1031 2887 1088 2943 aut
1100 2901 1165 2943 una
1177 2879 1279 2944 solum
1294 2901 1390 2965 gene·

255 2987 321 3050 tivo
343 2982 507 3048 reddenda
527 2993 595 3062 est,
617 2985 717 3048 altera
738 2993 843 3049 autern
864 2985 905 3050 ad
919 2988 1105 3072 primarium
1120 2981 1236 3052 nornen
1273 2987 1392 3052 accedit

255 3102 404 3178 tanquam
419 3090 512 3175 hujus
530 3091 723 3157 attributum.
767 3091 862 3172 Quod
890 3094 1008 3180 optime
1036 3095 1081 3158 ita
1102 3095 1274 3180 explanare
1295 3117 1390 3180 posse

254 3200 331 3278 mihi
345 3199 455 3263 videor
469 3222 476 3262 ε
492 3197 570 3264 Tria
584 3220 709 3286 semper
724 3199 879 3264 elementa
893 3209 1028 3282 exstant,
1047 3222 1183 3287 quorum
1196 3202 1228 3264 in
1243 3204 1390 3266 versione

257 3308 337 3372 tatio
351 3306 498 3371 habenda
511 3316 560 3370 est
581 3329 589 3370 :
612 3329 721 3371 nomen
735 3307 932 3394 primarium
952 3317 985 3372 et
1005 3307 1068 3374 duo
1088 3309 1224 3373 membra
1250 3309 1389 3394 epitheta}

257 3437 342 3480 nunc
372 3417 488 3478 verol
522 3414 704 3500 primarium
737 3435 867 3495 nomen,
889 3415 910 3478 2
930 3417 1031 3500 prius,
1064 3415 1240 3480 3alternm
1262 3416 1392 3504 epitheti

257 3523 432 3587 membrum
454 3519 592 3586 indicare
626 3522 652 3585 si
684 3521 740 3586 tibi
762 3521 901 3605 finxeris,
924 3521 1005 3586 duae
1019 3521 1080 3586 hae
1101 3522 1222 3609 figurae
1244 3524 1390 3606 orientur,

258 3632 372 3717 quibus
393 3629 473 3693 ratio
495 3631 577 3696 inter
605 3631 665 3693 trie
693 3630 849 3694 elementa
869 3629 1070 3694 intercedens
1092 3630 1191 3694 oculis
1212 3629 1391 3696 subicitur:

405 3739 575 3848 fdlsive
589 3741 645 3858 δῖ,
669 3767 684 3828 1
713 3772 745 3828 et
773 3739 831 3847 fi,
852 3765 882 3830 3.
1119 3860 1121 3868 Α

181 3958 183 3973 .
340 3873 378 3937 ln
399 3872 597 3938 antecedenti
628 3872 726 3956 igitur
755 3872 859 3958 figura
887 3871 1069 3959 primarium
1093 3892 1210 3936 nomon
1242 3880 1291 3937 est
1322 3870 1390 3936 soli·

258 3982 373 4046 tarium
393 4003 431 4045 ac
451 3979 593 4067 pendent
614 3978 654 4043 de
676 4000 713 4043 eo
735 3979 869 4044 duorum
891 3980 1073 4044 mebrorum
1095 3979 1255 4064 genetivi,
1277 3987 1311 4044 nt
1330 3980 1390 4042 in:

329 4309 867 4376 bffifflmmmmmpww

329 4403 511 4476 &toph
