3072 5278
553 618 753 683 „53-

7 797 9 828 r
97 795 250 881 digeram.
292 795 352 860 His
373 797 456 862 enim
478 807 532 862 aut
563 798 674 864 cadom
707 809 754 864 est
781 819 862 886 quac
883 797 1073 885 simplicibus
1111 797 1223 878 formu,

7 893 9 904 ’
97 912 152 968 sut
182 902 223 968 ab
244 912 374 969 externa
394 905 579 990 simplicium
602 906 724 993 specie,
747 926 827 991 quae
849 904 893 970 eis
916 905 1061 988 subsunt,
1083 903 1222 989 aliquan·

7 1079 8 1092 p
95 1008 199 1074 tulum
218 1010 287 1097 ipsu
317 1010 504 1099 discrepant
558 1012 629 1078 Nec
656 1021 760 1078 tamen
791 1013 851 1077 hoc
867 1014 933 1099 jam
955 1015 1023 1078 loco
1046 1011 1223 1098 diligentius

7 1151 8 1196 p
97 1117 128 1180 in
162 1116 221 1181 boc
252 1117 417 1183 discrimen
438 1119 659 1205 inquirendum
680 1121 770 1186 nobis
792 1131 855 1202 est,
888 1120 944 1186 sad
965 1121 1061 1186 satius
1082 1119 1149 1201 erit,
1169 1117 1223 1182 ubi

7 1209 8 1224 i
96 1220 134 1286 de
166 1223 355 1288 atmibntivis
397 1223 535 1290 dicemus
567 1228 601 1308 (ξ
631 1228 705 1310 27),
734 1229 891 1314 copiosius
922 1226 999 1292 illud
1032 1226 1221 1306 examinare,

97 1329 214 1417 qnippe
235 1329 319 1415 quod
337 1330 448 1397 borum
467 1333 664 1421 potissimum
684 1355 785 1421 paene
808 1335 847 1399 sit
868 1335 1037 1422 proprium.
1079 1333 1222 1396 Alterum

97 1447 204 1502 autom
234 1447 297 1518 est,
329 1439 413 1524 quod
435 1440 652 1506 observatione
674 1441 803 1526 dignum
825 1443 983 1526 viduatum
1015 1439 1222 1505 differentium

8 1584 9 1592 κ
98 1541 184 1608 illam
202 1554 308 1631 specto
329 1545 410 1611 inter
423 1547 579 1634 enigmata
601 1557 634 1613 et
654 1549 816 1635 sigmatica
836 1550 1008 1636 composita
1027 1544 1221 1612 interceden-

7 1655 8 1664 ’
97 1659 169 1714 tem.
210 1650 295 1716 Nam
315 1652 408 1738 hujus
428 1675 554 1741 quoque
583 1655 616 1718 in
637 1655 851 1742 exemplorum
881 1656 1115 1720 enumeratione
1144 1651 1222 1715 ratio

8 1775 9 1860 p
98 1757 188 1822 nobis
210 1759 355 1825 habenda
375 1761 442 1825 erit.
485 1762 653 1848 Asigmata
674 1763 778 1846 igitur,
801 1761 970 1826 secundum
987 1759 1131 1828 Clemmii
1153 1779 1223 1822 auc

99 1865 270 1950 toritatem,
302 1868 475 1954 composita
495 1869 712 1952 nominamus,
747 1890 880 1956 quorum
901 1870 934 1933 in
955 1868 1060 1954 priore
1081 1865 1221 1931 membro

100 1971 191 2060 stirps
220 1974 376 2060 quaedam
395 1977 611 2062 praesentialis
633 1977 788 2059 cernitur3
819 1977 981 2063 sigmatica
1011 1982 1083 2037 sunt
1103 1993 1224 2058 quaen

100 2077 253 2144 debilioris
283 2083 337 2167 qui
368 2093 497 2148 vocatur
528 2085 636 2149 aoristi
657 2085 753 2172 stirpe
785 2083 945 2171 incipiunt.
989 2080 1222 2148 Commissurac

8 2236 9 2255 r
100 2195 200 2252 auam
234 2189 357 2254 vocales
389 2212 427 2268 α,
449 2212 482 2269 a,
503 2215 517 2256 ι
537 2191 593 2256 ubi
615 2199 787 2278 apparent,
816 2211 939 2276 semper
966 2211 1025 2276 pro
1047 2186 1223 2254 thematicis

101 2294 254 2362 vocalibus
275 2295 439 2363 habendae
459 2308 533 2364 sunt
547 2298 583 2384 ¹).

553 2582 753 2594 -u-—u—

632 2791 669 2873 L

542 2996 769 3074 Nominalia.

174 3195 263 3277 514.
305 3195 461 3261 Absoluta
493 3195 703 3282 generalioris
732 3192 909 3280 argumenti
932 3189 1137 3275 disputatione
1154 3187 1223 3273 jam

101 3298 137 3362 sd
163 3304 232 3390 ipsa
262 3303 411 3366 transitus
442 3302 497 3367 fiat
518 3303 658 3388 epitheta
681 3300 867 3387 Euripiden,
899 3300 1088 3382 intorques
1108 3317 1224 3380 agmen

102 3405 230 3493 ducant,
273 3431 386 3474 norum
406 3409 546 3473 secunda
566 3409 711 3474 membra
735 3410 875 3492 integras
898 3405 1084 3489 simplicium
1105 3401 1225 3468 formas

103 3513 254 3581 exhibent.
297 3516 380 3583 Casu
403 3526 508 3581 antem
538 3515 660 3596 accidit,
682 3514 767 3602 qnod
788 3522 913 3600 praetor
938 3505 1141 3583 παυσίπονος
1161 3529 1168 3570 :
1190 3508 1225 3574 J.

103 3616 137 3684 Τ.
156 3624 215 3698 451
238 3622 271 3688 εί
288 3645 339 3698 τις
359 3619 420 3704 ἔβα
440 3621 594 3699 δουλείας
615 3617 733 3703 ἐμέθεν
750 3615 950 3692 παυσίπονος
971 3627 1004 3680 et
1023 3613 1224 3702 φαοσίμβρο.

103 3745 178 3803 tor:
200 3729 326 3794 Heracl.
348 3731 427 3796 tuo*
447 3729 675 3818 λαμπρόταται
697 3732 781 3794 θεοῦ
799 3721 1038 3812 φαοοίμβρουοι
1058 3717 1153 3805 αὐγαί
1183 3723 1227 3790 ad

104 3845 192 3893 mum
214 3831 344 3894 omnine
364 3832 527 3916 anigmatis
547 3832 602 3896 illa
622 3831 789 3895 inserenda
810 3840 890 3896 sunt.
925 3831 1010 3896 Nam
1030 3829 1115 3916 quod
1129 3827 1227 3914 Poly-

105 3985 289 4000 -n-——u

166 4101 186 4169 ¹)
203 4103 276 4154 Haeo
301 4108 391 4170 postes
416 4101 559 4156 Olemnrins
586 4102 769 4155 demonstravit
792 4099 825 4156 K.
843 4103 871 4154 Ζ.
898 4101 986 4154 xum
1014 4105 1076 4165 tuo,
1102 4101 1165 4156 m
1193 4111 1221 4158 71

8 4194 11 4219 ¹
106 4187 223 4256 novique
240 4189 398 4256 argnmcmis
422 4187 534 4241 llrmsrit
560 4191 631 4244 θαι-ι
653 4189 724 4241 sune.
737 4189 786 4239 vn
803 4205 827 4256 p.
845 4193 960 4253 stt-eu
979 4203 1038 4239 nam
1054 4187 1081 4240 in
1098 4204 1224 4243 commen·

105 4275 193 4328 lotione
209 4291 264 4338 sna,
282 4290 334 4342 qna
350 4276 432 4343 primo
449 4277 587 4344 signatius
604 4277 637 4327 cb
654 4275 784 4342 nigrantis
795 4276 942 4343 compositis
953 4274 1067 4341 sejunxit
1082 4275 1125 4336 lde
1142 4290 1223 4342 comp.

104 4357 143 4410 llr.
160 4377 251 4430 qum
266 4362 338 4413 verb
355 4362 444 4429 incip.)
461 4362 738 4428 sdprcnnntistioncm
748 4365 847 4412 unium
864 4361 965 4414 leoffius
982 4359 1164 4428 expediendum
1181 4378 1223 4413 vo

105 4447 167 4500 als·
183 4448 240 4502 illu
257 4449 367 4502 msam
378 4463 435 4502 esso
452 4448 492 4502 vir
508 4448 675 4506 occuramus
692 4447 829 4500 existimet
