3030 5266
537 571 738 636 ..91-

76 749 109 814 ci.
124 751 240 816 Phoen.
264 752 350 819 137*.
375 789 410 802 -
433 743 590 838 τηλουρός
603 753 723 840 procel
743 754 891 819 tsrmsitoe
904 753 1029 833 debens,
1050 766 1208 818 recitatas:

76 857 170 924 Andr.
192 859 252 925 889
272 853 410 946 apiovpsi
428 857 491 945 γὰρ
513 859 636 926 roeiovc’
655 854 714 945 ἀφ’
733 855 822 945 ἡμῶν
842 856 958 942 nediu,
994 859 1034 924 cf.
1057 859 1109 923 El.
1128 860 1207 944 2513

76 963 124 1032 Or.
148 965 227 1032 1325
247 967 283 1052 (ξ
303 968 367 1053 78).
391 1003 430 1016 -
454 958 625 1055 ὑψόροφος
646 990 654 1031 :
676 967 755 1032 Her.
786 967 847 1032 fur.
871 967 948 1034 107*
969 958 1129 1054 ὑψόροφα
1147 966 1209 1047 μὲ-

76 1073 190 1162 luipo.
209 1113 251 1128 ····
271 1071 473 1162 ᾰγχιιέρμων
495 1100 502 1140 :
525 1075 625 1142 Rhea.
660 1076 723 1140 426
755 1080 791 1158 (ξ
821 1077 888 1157 75).
911 1112 946 1124 -
970 1064 1177 1151 dntoddnovc
1199 1097 1206 1138 ε

76 1179 166 1271 Hipp.
187 1183 228 1252 54
248 1172 462 1260 ὀπισθόπους
481 1175 683 1269 προσπόλων
704 1183 828 1264 coium
848 1184 888 1248 cf.
909 1206 939 1278 v,
965 1182 1052 1249 1179.

542 1493 741 1506 α--ιψ-

132 1935 295 2014 Secunda
319 1937 489 2016 membra
513 1949 692 2014 mutatam
719 1936 898 2015 exhibent
922 1938 1144 2042 simplicium

544 2063 718 2142 formam.

148 2264 176 2343 ξ.
197 2259 246 2326 33.
291 2261 464 2326 Nominum
486 2261 675 2348 simplicium
691 2283 746 2326 cur
759 2263 792 2325 in
805 2259 946 2326 secunda
961 2261 1209 2348 compositorum

79 2363 143 2431 sede
174 2370 277 2434 exitus
297 2369 459 2458 paululum
491 2379 613 2435 mutare
634 2370 667 2434 in
698 2392 757 2434 usu
779 2369 899 2436 Graeci
921 2369 1091 2434 habuerint
1113 2391 1209 2454 supra

80 2471 109 2558 (8
126 2473 177 2558 27)
193 2476 260 2562 jam
283 2477 361 2542 satis
383 2479 570 2566 exposuisse
590 2478 667 2542 mihi
688 2477 810 2561 videor,
825 2485 862 2546 ut
876 2477 927 2540 hic
941 2475 982 2542 ad
996 2475 1072 2541 iilud
1095 2477 1208 2540 iterum

81 2601 227 2649 recurrere
259 2606 338 2672 opus
366 2606 430 2650 non
463 2587 513 2650 sit.
557 2581 623 2650 Sed
655 2585 740 2650 alind
762 2585 875 2666 habeo,
898 2582 939 2648 ad
961 2583 1047 2672 quod
1069 2584 1210 2648 breviter

80 2689 203 2755 animum
234 2691 389 2758 attendas.
432 2695 552 2780 Agitur
573 2695 656 2757 enim
680 2692 720 2758 de
749 2715 787 2758 eo
810 2693 1058 2782 compositorum
1079 2711 1207 2776 genere,

81 2817 199 2882 quorum
231 2799 372 2865 secunda
403 2801 547 2866 membra
576 2802 718 2866 neutrius
748 2801 877 2885 generis
909 2797 1100 2886 stirpibuso
1135 2807 1209 2862 etc

79 2907 237 2971 terminatis
260 2907 450 2973 efficiuntur.
491 2907 582 2974 Haec
604 2927 807 2996 quamquam,
831 2909 858 2973 si
879 2906 920 2972 ad
942 2907 1051 2972 vivum
1072 2927 1207 2990 resecas,

75 3009 130 3094 jam
150 3016 189 3096 §fi
210 3015 334 3081 28-32
361 3016 537 3081 enumerari
562 3025 731 3104 poterant,
763 3025 870 3080 tamen
897 3015 971 3080 huic
993 3014 1091 3079 malui
1113 3034 1208 3101 quam

78 3115 112 3182 dli
136 3121 308 3207 particulae
337 3123 488 3188 inserere.
538 3122 685 3210 Namque
718 3123 840 3188 etiamsi
861 3124 893 3188 in
916 3123 1032 3188 nostris
1054 3120 1208 3208 exemplis

78 3247 130 3292 non
155 3239 191 3294 ut
223 3230 257 3294 in
289 3230 339 3294 iis·
358 3251 439 3318 queo
471 3233 513 3314 ἐξ
545 3231 669 3297 28-32
704 3229 1001 3318 comprehendimus
1031 3229 1209 3318 posteriorc

79 3335 204 3404 membra
233 3359 365 3426 prorsus
396 3339 491 3404 aliam
514 3338 757 3404 declinationem
778 3349 973 3426 sequuntur,
1005 3348 1112 3404 tamen
1143 3358 1207 3402 non

79 3441 164 3508 solnm
192 3443 226 3510 in
246 3467 265 3510 o
287 3445 342 3510 sed
372 3446 467 3512 etiam
488 3448 521 3510 in
546 3466 565 3510 o
587 3457 740 3512 exeuntes
766 3447 910 3513 neutrius
931 3447 1058 3533 generis
1081 3447 1207 3534 stirpes,

77 3547 120 3614 ubi
145 3553 177 3616 in
208 3552 349 3620 secunda
368 3555 616 3642 compositorum
638 3554 715 3621 sede
736 3566 900 3643 apparent,
922 3579 941 3621 a
961 3555 1065 3620 forma
1085 3565 1206 3620 cetero-

78 3657 140 3742 quin
189 3661 305 3727 asima
367 3663 528 3752 paululum
593 3665 755 3731 recedunt
835 3663 931 3745 Quod
995 3665 1114 3753 optime
1175 3661 1208 3728 in

79 3767 259 3836 nominativo
282 3789 357 3835 essu
379 3771 551 3838 observare
572 3772 663 3856 licet,
695 3773 785 3859 cujus
806 3773 839 3837 in
870 3772 1019 3861 stirpibus
1040 3771 1169 3859 quidem
1191 3792 1209 3836 o

79 3877 240 3944 terminatis
268 3881 482 3944 accusativum
515 3887 625 3944 notum
654 3889 703 3946 est
736 3901 807 3948 esse
835 3889 927 3945 extra
948 3879 1207 3970 compositionem

79 3983 229 4068 durium,
261 3984 316 4051 sod
349 3986 382 4050 in
415 3989 663 4077 compositorum
692 3989 756 4054 fine
777 3989 965 4054 nominativi
988 3990 1115 4074 signum
1136 3987 1208 4052 illae

79 4087 240 4160 adsumunt.
285 4091 412 4162 Clarius
433 4106 538 4162 autem
558 4119 655 4184 quam
673 4098 706 4162 in
727 4095 841 4162 hocin
868 4098 966 4164 altero
988 4097 1041 4162 illo
1062 4097 1208 4184 stirpium

81 4219 180 4284 genere
202 4201 373 4268 discrimen
394 4204 477 4269 inter
498 4205 689 4292 simplicium
711 4215 743 4270 et
757 4208 1004 4295 compositorum
1024 4205 1141 4272 formas
1162 4205 1209 4270 in·

81 4309 229 4376 tercedens
259 4320 333 4377 ante
355 4313 462 4378 oculos
485 4314 624 4402 positum
644 4323 704 4380 est
748 4314 874 4401 Stirpes
895 4317 977 4382 enim
1001 4333 1022 4380 σ
1042 4314 1209 4380 conclusae

82 4417 220 4506 simplices
251 4421 284 4484 in
317 4423 528 4506 nominativo,
559 4422 613 4488 ubi
643 4423 772 4512 proprio
804 4425 933 4490 omnino
965 4433 1073 4489 carent
1106 4423 1208 4510 signo,
