3030 5266
546 619 764 684 -131-

88 795 125 861 J.
150 795 185 860 Τ.
199 796 279 863 399‘
301 789 498 879 δονακόχλοα
508 791 660 883 Εὐρώταν
679 821 738 887 pro
760 821 823 886 quo
846 801 941 865 otiam
960 801 1096 865 ooourrit
1115 791 1227 866 δόνακι

87 895 213 988 χλωρός
239 905 313 971 Hel.
342 905 422 970 349*
452 916 485 970 et
516 898 683 982 δονακόεις
714 902 875 992 Εὐρώτας
907 907 979 973 Hel.
1013 908 1084 975 210.
1141 909 1225 976 Cum

88 1011 191 1075 forma
221 1011 391 1077 accusativi
433 1005 631 1095 δονακόχλοα
663 1033 846 1102 comparare
877 1016 995 1102 poteris
1024 1015 1096 1082 Nio.
1126 1013 1223 1082 Ther.

87 1120 151 1184 676
169 1113 285 1205 ἔχχλοα
305 1118 415 1209 ρλζαη
436 1133 575 1187 ueterum
597 1123 623 1186 si
645 1123 715 1209 quis
738 1121 1016 1190 Wilamowinium
1027 1125 1053 1206 ¹)
1076 1135 1225 1210 sequatur

87 1227 186 1292 oodioi
219 1229 247 1294 0
274 1229 428 1316 majorem
459 1251 555 1316 quam
585 1231 675 1295 alteri
697 1235 734 1296 Β.
767 1230 833 1317 (Ρ.)
854 1231 948 1295 fidem
980 1230 1169 1314 habentem,
1197 1231 1224 1294 is

87 1335 169 1399 illius
195 1336 365 1400 lectionem
392 1339 534 1423 recipere
562 1336 690 1402 debebit
717 1329 934 1419 δονακόχλουν.
958 1373 992 1386 -
1017 1337 1137 1403 Fluviis
1159 1339 1223 1424 epi-

88 1441 174 1506 theta
204 1457 441 1532 nonnumquam
477 1444 573 1508 tribui
594 1466 613 1508 a
633 1454 795 1509 taurorum
817 1467 949 1533 corpore
970 1447 1140 1532 desumpta
1155 1445 1223 1530 jam

88 1566 183 1636 supra
204 1551 239 1637 (ἕ
259 1551 310 1635 28,
332 1551 352 1616 2
372 1568 404 1638 p.
430 1554 485 1634 78)
507 1553 701 1636 monuimus3
733 1553 818 1640 quod
839 1565 1004 1640 praetores
1025 1553 1108 1617 cadit
1130 1553 1224 1618 etism

87 1656 340 1742 in0r.1378*,
370 1659 424 1725 ubi
457 1661 606 1727 Oceanus
637 1670 769 1724 vocatur
798 1652 1022 1746 ταυρόκρανος.
1078 1660 1222 1727 Baouhus

88 1775 192 1830 antem
214 1766 301 1852 quod
322 1759 526 1853 ταυρόκερως
545 1760 625 1843 θοός
646 1767 765 1833 Bacch.
788 1769 864 1833 100*
896 1769 1077 1833 nominatur
1103 1771 1222 1855 optime

88 1873 243 1958 mysteriis
265 1874 454 1961 explieatnr,
486 1875 519 1940 id
542 1875 627 1962 quod
651 1871 826 1940 Schoenius
847 1874 939 1940 nobis
961 1875 1100 1940 affirmat
1123 1883 1166 1958 (a.
1186 1876 1223 1960 l.)

89 2020 127 2029 —
149 1981 296 2068 Denique
317 1981 435 2066 videas,
456 2005 552 2069 quam
567 1985 650 2047 olare
663 1984 720 2046 tibi
733 1983 766 2046 in
781 1983 877 2046 animi
893 2003 986 2047 sensu
1007 1984 1073 2047 avis
1087 1983 1224 2048 formam

87 2099 181 2176 poeta
201 2100 300 2177 ponat
314 2090 414 2155 Andr.
429 2091 508 2156 862*
521 2083 744 2175 κυανόπτερος
752 2084 840 2176 όρνις
852 2089 919 2155 εἷθ’
933 2090 1020 2178 elom
1041 2111 1100 2154 nee
1121 2091 1223 2154 minus

88 2197 163 2262 illud
184 2209 234 2263 est
254 2200 432 2285 poeticum,
462 2199 548 2286 quod
579 2198 697 2262 Troad.
723 2198 799 2263 143*
819 2198 935 2284 legitur
957 2221 965 2261 ε
987 2187 1014 2262 ολ
1035 2203 1097 2262 τῶν
1117 2197 1222 2280 χαλκ-

87 2304 203 2388 εγχέων
226 2297 349 2394 Τριόων
369 2301 499 2388 ἄλοχοι,
532 2306 585 2370 ubi
600 2306 689 2392 quasi
710 2315 909 2393 praesentem
923 2305 1088 2393 adspicere
1110 2305 1220 2370 eredas

86 2411 298 2500 Trojanornm
319 2415 493 2480 exereitum
514 2414 613 2478 hastis
633 2414 740 2479 aeneis
763 2412 953 2478 horrentem.

166 2547 258 2630 §53
301 2543 445 2612 Transeo
475 2569 560 2611 nuno
586 2545 628 2610 ad
649 2545 805 2632 epitheta,
828 2567 962 2632 quorum
983 2544 1106 2632 priores
1128 2542 1220 2609 sedes

86 2655 244 2740 adjsefiva
271 2655 425 2719 obtinent.
468 2655 518 2719 Aa
546 2655 682 2740 primum
705 2651 831 2738 quidem
854 2652 931 2718 deos
952 2652 1103 2716 attributo
1126 2651 1219 2715 effert

85 2761 285 2850 Euripides:
317 2753 386 2826 Alc.
409 2763 490 2828 439*
524 2755 675 2835 Ἀἰδαςό
705 2757 933 2844 μελαγχαίτας,
955 2781 1017 2845 quo
1039 2757 1079 2823 ad
1102 2761 1221 2845 apianae

84 2870 243 2950 tenebras,
265 2869 377 2956 quibus
392 2868 545 2933 Tartarus
567 2868 699 2932 obrutus
721 2878 779 2950 est,
800 2890 865 2931 non
883 2869 988 2952 inepte
1003 2865 1166 2947 slluditnr;
1182 2904 1221 2914 -

83 2975 161 3042 Her.
183 2977 245 3041 fnr.
266 2976 346 3042 426*
359 2969 413 3041 τόν
424 2998 459 3041 τι
473 2966 697 3060 πολυδάκρῦον
718 2976 785 3060 (Η.)
800 2977 826 3060 1)
849 2972 979 3042 ἔπλκυδ
998 2971 1034 3049 ἐς
1047 2966 1220 3056 ‘bitonum

83 3123 125 3134 —
144 3083 216 3151 Hel.
237 3084 317 3152 518*
336 3083 530 3168 μελαμφαὲς
543 3075 705 3169 ’Ἔρεβοςς
725 3121 765 3132 -
786 3081 820 3148 J.
843 3084 883 3147 A.
907 3081 1005 3148 1301*
1032 3072 1222 3165 δολιόφρων

86 3183 234 3279 Κόπριςς
265 3229 299 3240 -
330 3191 381 3256 ΕΙ.
414 3193 495 3257 1260
525 3181 691 3276 ολμόφριυυ
714 3185 833 3277 ’'AQUG}
856 3228 894 3238 -
923 3188 1021 3277 Hipp.
1055 3187 1133 3253 145*
1162 3181 1221 3251 τοῖν

83 3293 273 3388 πολύθηρον
292 3289 484 3382 Δικτόννανς
513 3296 730 3386 intellegenda
756 3307 804 3362 ost
825 3297 940 3362 Diana.
983 3294 1126 3362 Accedat
1144 3295 1219 3362 Jon.

83 3409 161 3477 870³
181 3407 219 3474 τό
239 3399 319 3486 Διός
339 3399 541 3492 πολύαστρον
560 3403 635 3482 ἕδος
655 3427 791 3494 quocum
819 3402 1044 3470 Germanicum
1077 3401 1220 3469 conferas

83 3515 279 3583 διανοοοιιλλ
311 3513 387 3582 Jam
415 3515 475 3580 tria
495 3513 668 3602 procedant
688 3536 708 3577 a
728 3535 763 3578 ro
784 3513 909 3578 militari
930 3513 1088 3599 repetita:
1109 3507 1220 3591 χαλκέ-

82 3623 190 3701 οντλος
219 3648 227 3688 :
257 3623 330 3689 Hel.
362 3623 441 3690 693*
472 3611 682 3706 χαλκεόπλων
721 3612 878 3700 Δανόωυ;
899 3658 939 3668 -
959 3609 1221 3706 χαλκιοτιυχὴςτ

82 3733 196 3820 Suppl.
205 3731 285 3800 999·
299 3731 548 3814 χαλκεοτευχοῦς
564 3727 760 3812 Καπανέωςς
777 3766 811 3777 -
821 3721 1015 3814 τρικόρυθος
1028 3750 1036 3792 :
1051 3726 1108 3793 Or.
1123 3727 1220 3793 1480·

80 3831 371 3928 τρικόρυθοςΛλας
391 3840 446 3924 (of.
468 3843 488 3920 ξ
508 3839 558 3922 39,
579 3861 612 3924 p.
635 3837 719 3921 113).
761 3835 848 3901 Inter
869 3835 1049 3900 animalium
1070 3833 1218 3920 epitheta,

81 4053 280 4064 -.-—-——-

154 4191 176 4260 ¹)
193 4191 382 4245 commonent
397 4192 468 4242 huno
485 4191 570 4242 losum
587 4190 628 4242 vir
645 4191 736 4242 dootm
753 4190 770 4242 1.
788 4205 803 4242 ο
828 4206 851 4256 p.
872 4192 911 4240 82.

149 4283 172 4352 ¹)
191 4293 217 4342 P.
237 4287 285 4338 102
302 4279 392 4364 prim
408 4279 593 4358 αολυδοιρόαο.

149 4379 173 4446 ¹)
191 4379 286 4430 Codice
304 4375 503 4454 αολυδᾶκρῦτον
521 4378 720 4440 commendatur,
740 4377 783 4428 oni
800 4385 910 4429 metrum
928 4377 1014 4428 orsus
1029 4375 1233 4440 antisoophssr

80 4467 211 4518 Homerus
228 4463 306 4516 estun
322 4460 518 4540 πολυδάκρυτος
534 4463 614 4515 habat
630 4487 654 4519 τ.
674 4466 730 4526 218,
749 4487 776 4530 φ.
795 4467 836 4515 58.
