3030 5266
598 623 818 688 -147-

687 867 725 985 h

534 1125 879 1208 Detanminativa

687 1331 725 1413 L

589 1533 809 1610 Nominolis

220 1729 308 1813 §64
351 1727 500 1820 Quinque
532 1738 651 1795 tantum
681 1728 949 1818 exemplahabeo
972 1726 1121 1791 hocloco
1152 1748 1266 1790 memo-

144 1837 248 1919 randa,
268 1840 353 1903 inter'
369 1859 450 1923 quae
470 1837 562 1902 facile
583 1836 792 1923 expediuntur
813 1837 911 1900 verba
931 1825 1093 1924 Ἀχελῴου
1112 1826 1266 1920 θύγατερ,

144 1934 327 2029 εὐπάρθενε
348 1946 445 2028 (orn.)
466 1942 572 2029 Δίρκα
593 1943 707 2008 Bacch.
735 1943 830 2026 520*,
859 1966 930 2008 cum
962 1941 1266 2031 personificationem

144 2051 215 2116 inde
235 2053 403 2138 repetitam
436 2071 507 2115 esse
539 2060 663 2137 pateat,
701 2050 786 2137 quod
817 2059 942 2116 veteres
974 2049 1129 2138 nymphas
1162 2048 1264 2114 fontes

142 2157 276 2222 incolere
305 2159 470 2256 putabant.
512 2156 625 2244 Itaque
656 2158 827 2246 nympham
859 2167 891 2223 et
916 2157 1033 2221 fontem
1053 2153 1136 2220 idem
1158 2155 1265 2220 dicens

140 2263 179 2331 ad
214 2265 297 2330 huno
326 2274 423 2351 poeta
451 2263 533 2330 illins
565 2266 724 2352 epitheton
762 2265 920 2330 transfert
974 2263 1117 2352 Suspicio
1146 2263 1266 2328 moveri

141 2379 243 2458 potest
262 2371 302 2436 de
315 2370 387 2437 Hel.
400 2375 417 2437 1
432 2368 553 2437 Νείλου
573 2361 828 2460 καλλιπάρθενοι
843 2373 939 2458 (orn.)
953 2370 1038 2460 ῥοαί,
1058 2371 1112 2435 nbi
1129 2373 1264 2451 fuerunt,

141 2477 192 2564 qni
206 2500 265 2575 pro
286 2477 469 2544 attiibntivo
492 2468 751 2563 καλλιπάρθενοι
771 2479 889 2544 habere
908 2479 1037 2544 mallent
1056 2477 1265 2563 explicarent-

141 2605 201 2672 que
223 2585 264 2650 oh
285 2585 496 2650 inhabitantes
519 2586 676 2674 nymphas
701 2587 744 2652 ita
754 2587 906 2677 appellari
920 2584 1066 2673 lymphas
1081 2583 1218 2649 Niliacas
1227 2583 1263 2666 l).

141 2689 203 2756 Sed
232 2693 329 2756 satius
356 2695 415 2756 erit
439 2692 471 2756 in
493 2691 669 2758 Hermanni
698 2695 885 2758 sententiam
913 2694 960 2759 ire
988 2690 1144 2758 censentis
1164 2714 1265 2780 ιιρνιοε

141 2799 214 2864 Nati
229 2799 351 2864 nultius
371 2823 439 2866 cum
455 2798 540 2866 olias
551 2802 654 2888 fluvii
665 2803 757 2888 aquis
770 2801 963 2882 cornmictos,
983 2799 1068 2864 aede
1087 2798 1163 2864 εολίι
1183 2799 1264 2864 aivi·

140 2905 193 2970 bna
216 2919 397 2998 prophatae
428 2908 557 2994 εμιλλιιο
585 2909 636 2972 hic
664 2922 803 2996 ιμιοιονε
834 2907 1069 2994 Euripiden').
1096 2903 1263 2972 —Tertio

137 3011 204 3076 loco
225 3035 342 3099 ponam
362 3006 503 3094 ἐξώπιος
523 3036 532 3076 :
553 3013 624 3077 Alc.
652 3015 713 3080 546
739 3005 896 3094 δωμάτων
915 3009 1075 3096 ἐξωπλους
1097 3014 1192 3099 (nco.)
1213 3014 1232 3094 ξ
1251 3050 1262 3060 -

138 3125 246 3203 mirac,
278 3120 366 3203 cujus
399 3119 646 3185 deformatione
677 3121 759 3204 οἱς
787 3122 858 3208 6p.
886 3121 935 3186 22.
956 3158 998 3169 —
1019 3121 1167 3207 Denique
1187 3121 1261 3184 item

139 3225 292 3314 adjectivo
324 3226 551 3294 concluduntur
571 3225 757 3314 οννδρομᾶς
777 3251 786 3291 :
806 3227 839 3293 J.
862 3226 900 3293 Τ.
932 3227 1010 3293 421*
1041 3218 1262 3313 συνδρομάδας

139 3333 233 3420 (nec.)
255 3333 384 3421 πέτρας,
406 3357 541 3424 quocum
563 3333 603 3398 cs.
625 3358 655 3398 v.
679 3335 739 3400 124
759 3327 879 3401 πόντου
902 3335 1018 3412 dionae
1039 3324 1263 3423 συγχωρούσας

138 3441 254 3526 πέτρας
285 3451 318 3506 et
337 3439 543 3514 Homericum
565 3442 605 3527 (ε.
626 3443 703 3530 412)
725 3440 818 3539 λιοορ
839 3441 867 3506 δ’
887 3435 1040 3542 α’νὲδρομε
1068 3443 1187 3531 πλερα,
1209 3443 1262 3508 ubi

140 3569 259 3648 semper
277 3546 509 3648 Symplegades
531 3549 649 3634 scopuli
670 3550 872 3640 intellegendi
894 3551 1003 3632 sonti)
1032 3588 1074 3600 -
1095 3562 1126 3616 ct
1156 3541 1262 3638 οἷμνή-

137 3675 203 3736 μων
223 3677 231 3718 :
253 3653 375 3719 Phoen.
406 3655 447 3720 64
477 3645 629 3742 α’μνὴμων
654 3646 732 3743 τύχη
758 3655 879 3739 γένοιεσ
901 3679 909 3720 :
930 3657 969 3721 cf.
998 3655 1077 3721 Her.
1099 3657 1159 3721 fur.
1183 3657 1260 3722 1397

138 3761 249 3850 πέτρος
269 3753 420 3848 ἀμνήμων
442 3765 540 3848 (nec.)
561 3768 673 3826 κακῶν.

575 3949 650 3956 μ-η-
660 3949 722 3956 ...ι-ι.
727 3949 818 3956 -..—--

142 4103 331 4112 ψ

206 4191 226 4258 ¹)
242 4193 285 4244 sto
301 4191 433 4248 Lohookio
449 4191 558 4260 placuit,
576 4191 686 4260 Paralip.
704 4193 729 4244 11
746 4210 770 4260 p.
790 4199 855 4256 8723
873 4195 906 4245 cs.
924 4192 1095 4244 Schiniitainm
1112 4192 1129 4242 1.
1147 4207 1169 4242 a
1186 4208 1210 4258 p.
1229 4197 1261 4244 43

139 4275 183 4327 has
199 4277 231 4330 ds
247 4293 311 4330 νοσε
328 4277 509 4344 ἆλερσλισεεαι.

200 4368 223 4438 ¹)
239 4372 337 4422 Mau
354 4373 481 4428 natantia
498 4370 574 4422 onam
593 4371 697 4422 Ηεσεεο
715 4379 762 4432 ost
781 4373 800 4430 1.,
816 4389 838 4424 a
855 4389 880 4439 p.
900 4377 956 4424 m

199 4463 223 4534 ⁸)
238 4465 279 4518 ct
299 4465 430 4518 nomon
448 4481 472 4532 ρ.
491 4468 530 4518 et.
1002 4535 1064 4598 w*
