3072 5278
394 843 508 934 ναόζυξ
528 876 536 917 :
556 854 618 939 frg.
641 853 773 930 781120*
793 853 841 936 aqi
854 844 978 936 νεόζυνι
1001 857 1049 934 σῷ
1069 848 1187 934 παλαις
1210 853 1248 915 cf.
1269 851 1439 936 frg.81813

314 954 396 1041 ἄζυξ
417 985 424 1024 :
447 959 565 1024 Troad.
585 961 665 1026 537*
685 951 780 1045 χάριν
801 949 920 1044 ἄζυγος
952 951 1225 1045 α’μβραιοπαλλοας
1256 959 1294 1022 cf.
1327 958 1439 1022 Bacch.

314 1070 392 1152 6943
413 1067 511 1155 mpp.
534 1068 621 1152 me,
646 1065 759 1150 1425*;
782 1066 814 1132 J.
831 1069 869 1130 A.
893 1068 971 1148 8053
994 1054 1077 1130 uei.
1093 1066 1153 1130 eu
1175 1067 1209 1152 (c
1224 1067 1287 1151 τε).
1312 1103 1346 1113 -
1370 1064 1440 1130 καλ-

315 1175 432 1258 λλφλοξ
453 1199 461 1239 :
484 1175 558 1242 Jou.
592 1175 670 1240 707*
710 1178 837 1239 θεαῖσιν
868 1168 915 1262 μή
951 1163 1040 1253 τύχοι
1073 1171 1274 1260 καλλίφλογα
1311 1167 1444 1237 πέλανον

314 1277 370 1349 ἐπὶ
403 1275 483 1367 πυρὶ
513 1277 731 1364 καθαγνίσας,
766 1281 821 1344 ubi
850 1280 888 1344 de
908 1281 1074 1367 ignispicio
1095 1282 1207 1366 agitur.
1231 1319 1264 1329 -
1289 1275 1441 1366 ἐπῆλυξτ

317 1389 404 1476 (lyci.
434 1391 496 1456 680
529 1384 593 1472 πήν
613 1389 733 1473 πέτραν
753 1379 895 1473 ἐπήλανα
916 1379 1073 1466 λαβόντες
1096 1388 1115 1450 i.
1143 1409 1169 1452 e.
1192 1389 1331 1452 umbram
1350 1412 1441 1475 prce-

317 1497 430 1561 beotam
461 1520 577 1582 rupem.
601 1533 633 1544 -
659 1486 761 1575 σύζνξ
794 1517 801 1558 :
830 1494 902 1559 Alc.
937 1496 1015 1560 921*
1046 1488 1179 1580 σύζνγες
1208 1491 1255 1570 αῖς
1285 1485 1382 1576 εἶμεν.
1407 1533 1438 1544 -

318 1599 466 1688 διαρρώξ
489 1626 496 1666 :
518 1603 550 1670 J.
567 1602 605 1666 T.
626 1603 686 1668 262
711 1597 853 1686 διαρραλξ
875 1592 973 1687 ἀγμός
993 1604 1160 1689 anfractus
1180 1603 1284 1668 hiatus
1307 1641 1340 1651 -
1366 1597 1444 1687 ἔπη-

317 1710 374 1786 λυς
404 1708 607 1796 (auctus)
629 1732 636 1772 :
659 1709 733 1775 Jon.
765 1710 823 1775 607
855 1703 960 1774 ἐλθών
990 1707 1025 1785 ἐς
1053 1701 1139 1775 alnov
1168 1702 1334 1797 ἀλλότριον
1364 1706 1443 1797 ἔπη-

322 1817 378 1892 λυς
399 1811 452 1880 αλν.

855 2319 912 2418 Π.

589 2543 906 2654 Dependentiae
936 2544 1182 2652 composita.

406 2758 425 2835 ὅ
449 2752 495 2817 13.
539 2748 778 2836 Dependentiae
807 2750 1049 2836 compositorum
1074 2747 1106 2811 in
1134 2770 1265 2813 numero
1296 2749 1389 2814 hodie
1411 2773 1449 2816 ea

326 2864 424 2926 solum
445 2857 555 2923 haberi
566 2856 697 2920 solerita
709 2856 783 2918 viris
795 2856 902 2939 doctis,
926 2877 1058 2940 quorum
1074 2837 1256 2919 alterutrum
1272 2857 1448 2922 membrum

326 2969 460 3033 verbulis
482 2963 1337 3063 nawuuu„mmmmmfflnale3
1360 2987 1448 3030 acoe-

328 3077 405 3139 dunt
424 3059 529 3140 amasai
548 3073 607 3136 illis
629 3092 710 3157 quae
731 3070 770 3136 ab
793 3067 883 3152 ico-,
905 3065 1011 3153 ἀξια,
1034 3065 1164 3156 ἔρημα,
1185 3065 1325 3156 α’πειρο-
1343 3073 1449 3136 simili-

327 3184 385 3249 bus
397 3182 567 3268 ‘adjectivis
587 3179 749 3266 incipiunt,
770 3179 802 3242 in
817 3178 930 3264 quibus
944 3179 1020 3242 item
1038 3180 1184 3244 rectionis
1198 3178 1354 3265 quaedam
1368 3182 1450 3244 ratio

328 3290 521 3355 observatur.
564 3289 686 3373 Atque,
715 3285 748 3349 id
779 3285 864 3372 quod
894 3307 952 3372 per
980 3307 1013 3350 se
1034 3287 1097 3370 iam
1117 3308 1157 3350 ex
1178 3287 1221 3351 eis
1252 3308 1333 3372 quae
1355 3286 1450 3353 modo

327 3400 359 3461 in
374 3399 552 3462 universum
568 3393 608 3459 de
633 3393 724 3479 hujus
740 3393 845 3457 classis
859 3403 973 3458 natura
988 3392 1214 3481 disputavimus
1235 3403 1333 3480 patet,
1356 3397 1451 3460 etiam

329 3502 558 3591 dependentiae
579 3502 805 3589 compositam
826 3501 995 3565 nominalia
1015 3511 1046 3564 et
1068 3501 1207 3566 verbalia
1238 3502 1310 3566 licet
1331 3502 1451 3590 disper-

327 3613 386 3677 tire
408 3613 442 3696 (ξ
463 3610 508 3693 3).
550 3607 696 3694 Namque
724 3629 836 3693 regens
858 3607 1032 3673 membrum
1054 3607 1147 3673 modo
1167 3610 1306 3695 priorem
1328 3609 1452 3675 obtinet

329 3719 490 3804 compositi
517 3716 641 3800 sedem,
676 3714 769 3778 modo
791 3714 976 3797 secundam,
1009 3735 1072 3800 qua
1092 3714 1161 3801 ipsa
1180 3736 1215 3779 re
1237 3715 1332 3779 etiam
1353 3719 1452 3781 nomi-

329 3825 407 3889 nalis
428 3823 560 3888 membri
578 3823 665 3887 locus
688 3821 839 3887 definitur.

409 3932 459 3995 Ac
472 3931 605 4018 primum
620 3927 745 4017 quidem
761 3927 800 3992 de
814 3927 1020 3992 nominalibus
1034 3927 1146 4014 loquar
1162 3931 1354 4015 compositis,
1371 3953 1453 4018 quee

330 4059 387 4126 pro
419 4047 548 4103 externa
568 4034 774 4102 secundorum
794 4035 1005 4100 membrorum
1043 4036 1148 4122 speeie
1175 4037 1207 4100 in
1238 4035 1315 4102 duas
1337 4039 1454 4110 classes

400 4337 418 4404 ¹)
437 4340 509 4390 Haec
526 4355 566 4390 me
582 4338 683 4391 Justius
700 4337 786 4391 docuit
804 4338 877 4406 (tiber
902 4338 943 4392 die
962 4339 1221 4408 Zmammensetzung
1238 4340 1283 4393 der
1298 4339 1408 4394 Nomina
1423 4342 1454 4396 in

332 4423 381 4475 deu
397 4422 535 4492 iudogerm.
555 4425 683 4492 Sprachen
700 4441 723 4491 p.
742 4427 802 4487 46);
827 4424 894 4476 idem
912 4425 989 4477 etiam
1007 4425 1146 4478 Olemmius
1163 4431 1261 4490 mouet,
1289 4427 1360 4480 Oura
1379 4429 1454 4482 saud.

332 4509 385 4563 vn.
402 4525 427 4576 p.
445 4513 485 4573 68,
503 4513 552 4574 69ς
569 4513 602 4562 ct.
621 4511 692 4563 Gurt.
710 4508 766 4562 Gr.⁴
782 4527 806 4577 p.
825 4514 882 4564 ete.
