3030 5266
570 601 767 668 ,75-

96 785 313 876 posteriorum
334 787 522 874 scriptorum
542 786 709 875 operibus3
740 775 935 873 ἐχθρόξενος
960 786 1029 874 jem
1049 791 1123 850 ente
1143 781 1236 848 Euri·

95 893 210 982 pidem
231 894 308 958 item
329 914 387 981 pro
409 891 642 982 dependentise
663 894 835 982 composito
863 893 1041 981 Aeschylus
1072 891 1239 979 usurpavit

97 1001 266 1068 Prometh.
288 1001 359 1082 727,
380 999 467 1090 Sept.
487 1002 557 1070 603.

549 1288 797 1301 ffl-

638 1528 714 1632 lll.

537 1761 810 1846 Attributivu.

187 1971 279 2054 527.
322 1969 408 2035 Inter
436 1971 618 2036 sttributive
646 1980 831 2058 ceterosque
854 1971 1097 2056 compositorum
1127 1971 1242 2036 closses

110 2079 206 2164 quale
229 2077 396 2143 discrimen
433 2078 609 2145 intercedet
636 2079 781 2144 subtilius
811 2079 862 2143 hic
901 2078 1047 2166 persequi
1078 2080 1134 2144 vix
1164 2099 1243 2166 opus

106 2185 175 2268 erit,
197 2184 274 2272 quic
293 2185 385 2250 multi
406 2186 462 2250 viri
484 2186 569 2250 docti
590 2195 655 2252 tem
676 2196 822 2252 eccurste
842 2187 876 2252 in
896 2189 955 2254 lrso
975 2187 1108 2254 materis
1128 2185 1242 2250 versuti

100 2291 169 2378 jam
190 2301 274 2376 sunt,
294 2301 329 2356 ut
349 2292 426 2359 nihil
447 2292 627 2359 addendum
650 2292 801 2359 videatur.
845 2292 910 2361 Sed
939 2295 978 2360 de
1010 2293 1179 2360 dividendi
1192 2314 1241 2358 rs·

104 2401 191 2464 tione
213 2399 323 2488 paucis
345 2398 569 2487 exponendum
591 2409 647 2483 est,
667 2424 761 2489 quem
778 2413 948 2489 sequentes
964 2401 1110 2489 exempla
1130 2409 1243 2489 postes

106 2506 320 2574 enumeraturi
341 2529 457 2589 sumus.
482 2544 516 2555 -
541 2509 599 2592 Ac,
620 2530 661 2573 ne
681 2509 775 2574 nimis
797 2509 877 2576 hoec
891 2508 1112 2576 commentatio
1134 2518 1243 2574 exten-

107 2615 207 2696 detur,
228 2635 334 2678 msam
356 2615 462 2678 stetim
484 2616 674 2680 sententium
688 2615 859 2703 proferam.
903 2616 1019 2684 Totum
1040 2616 1138 2703 igitur
1157 2615 1241 2682 ettri·

106 2723 287 2789 butivorum
315 2722 438 2812 copiam
470 2722 604 2788 indues
635 2735 744 2810 partes
775 2746 834 2811 pro
866 2747 904 2791 eo
944 2723 1130 2790 distribuere
1162 2723 1243 2805 licet,

107 2829 191 2917 qnod
211 2829 357 2900 membre
376 2830 501 2896 illorum
523 2830 662 2898 secunde
681 2832 878 2918 simplicium,
901 2854 981 2919 quse
1002 2832 1079 2920 ipsis
1101 2831 1243 2912 subsunt,

107 2947 162 3004 eut
185 2939 348 3024 integrum
378 2949 432 3004 eut
453 2947 608 3006 mutuum
639 2939 775 3006 formem
797 2941 947 3007 exhibere
968 2939 1121 3006 videmus.
1164 2936 1244 3004 Tele

105 3055 212 3113 sutem
234 3045 403 3111 discrimen
424 3047 484 3112 hoc
503 3047 573 3135 ipso
594 3048 664 3114 leco
685 3070 749 3113 non
771 3048 907 3135 primum
920 3070 979 3114 nos
999 3068 1175 3112 memorare
1196 3045 1243 3110 in·

106 3154 216 3220 venies
238 3153 265 3218 si
287 3155 307 3236 ξ
330 3153 368 3218 13
388 3155 564 3240 inspexeris
570 3178 581 3238 ,·
603 3153 713 3221 sedin
731 3156 915 3220 memorium
936 3156 994 3220 tibi
1015 3176 1154 3237 revoces,
1172 3154 1244 3239 jem

106 3283 204 3348 supro
224 3282 283 3325 nos
305 3260 559 3326 attributivorum
579 3263 778 3348 potissimum
799 3262 877 3328 illud
897 3262 1059 3351 proprium
1081 3284 1151 3328 esse
1172 3281 1245 3326 oon·

106 3368 259 3436 tendisse.
284 3365 355 3434 Nec
373 3368 521 3456 cuiquem
541 3369 656 3434 mirum
677 3369 738 3434 hoc
751 3369 921 3454 videbitur,
942 3371 1037 3436 modo
1059 3369 1244 3450 consideret,

106 3474 249 3542 secunde
269 3475 382 3542 horum
403 3476 546 3542 membre
567 3498 694 3564 semper
707 3478 879 3544 nominalis
893 3499 972 3556 esse,
992 3499 1155 3566 nunquam
1176 3497 1244 3541 ver·

104 3584 198 3650 belis

191 3690 286 3772 Quae
319 3688 505 3757 demutatis
526 3692 714 3780 simplicium
734 3691 844 3758 formis
879 3703 910 3757 et
940 3693 1034 3779 hujus
1054 3692 1246 3781 psrsgrsphi

105 3800 195 3866 initio
229 3808 264 3864 st
292 3802 313 3882 ᾖ
348 3800 387 3864 13
419 3798 567 3884 diximus,
598 3822 637 3866 es
677 3823 742 3866 non
783 3823 914 3890 prorsus
947 3801 1069 3867 erudite
1096 3822 1247 3887 expresse

106 3915 207 3986 erent,
230 3905 288 3970 sed
309 3906 499 3973 cotidianum
520 3930 621 3995 paene
641 3908 790 3996 loquendi
811 3931 903 3976 usum
915 3908 1060 3975 redolere
1080 3907 1246 3992 videntur3

107 4037 207 4102 quere
228 4035 314 4079 nunc
334 4014 375 4079 ed
406 4024 506 4081 entem
532 4026 564 4081 et
584 4025 755 4105 praecepte
775 4016 1009 4105 quodammodo
1044 4025 1142 4082 totum
1163 4015 1247 4082 hano

106 4144 176 4190 rem
217 4143 369 4190 revocure
410 4144 569 4190 conemur.
612 4123 768 4218 {tuque
800 4127 937 4213 primum
979 4123 1148 4190 dicendum
1187 4133 1246 4208 est,

108 4253 188 4318 ques
216 4231 331 4320 stirpes
358 4231 391 4298 in
419 4230 561 4298 secunde
582 4232 792 4320 epithetomm
822 4233 898 4299 sede
923 4232 1150 4322 ssimplicium
1183 4231 1245 4300 lor·

109 4340 168 4408 mis
187 4337 341 4406 recedere
361 4338 523 4422 videmus,
555 4361 609 4405 ees
637 4348 691 4406 sut
710 4341 856 4408 mutilare
877 4363 933 4408 sus
951 4339 1085 4424 suffixs,
1106 4351 1162 4407 eut
1181 4339 1246 4408 sbi-

110 4471 182 4516 oere
202 4447 463 4536 objectorumque
482 4449 587 4514 locum
607 4447 697 4515 novis
718 4448 857 4536 explerq
878 4459 933 4515 sut
946 4449 1011 4516 suis
1026 4448 1149 4518 suffixis
1163 4471 1248 4518 nove
