3076 5294
578 647 795 713 -191-

191 855 595 950 τριπόρθενονζεῦγοςΐτς.
604 865 665 932 359
673 866 691 929 i.
701 887 728 930 e.
737 842 1029 1003 cofflda'vwv
1050 864 1161 1000 ζερῖγος

775 1021 924 1044 ἑ

182 1105 385 1201 τραγοκτόνον
394 1105 478 1195 αἷμα
488 1113 604 1180 Bacch.
618 1116 720 1181 139*i.
733 1139 760 1182 e.
772 1085 1076 1252 nczdsssoffocgiyoo
1096 1104 1187 1250 οἶρια.

846 1269 1020 1294 *a

118 1321 237 1388 Contra
257 1324 289 1388 in
309 1325 435 1390 alterius
456 1327 578 1412 figurae
599 1325 752 1413 exemplis
777 1325 864 1411 prius
879 1326 1054 1390 membrum
1069 1325 1251 1390 attributivo

118 1451 209 1496 sensu
237 1453 307 1497 cum
328 1433 478 1520 primario
500 1436 627 1499 nomine
654 1433 857 1531 jungendum
879 1443 928 1498 est
949 1441 980 1496 et
1000 1432 1132 1497 alterum
1152 1433 1251 1497 solum

117 1539 263 1618 genetivo
284 1540 549 1623 transferendum,
572 1541 658 1628 quod
680 1540 802 1606 eluceat
824 1563 865 1604 ex
884 1539 932 1602 his
955 1562 962 1603 :

177 1669 305 1743 εὐάλιον
317 1686 388 1766 πῦρ
396 1680 429 1747 J.
441 1679 480 1745 Τ.
491 1683 588 1748 1138*
598 1684 618 1747 i.
629 1705 658 1748 e.
676 1657 857 1817 καὲόῖτῗτιῖρ
878 1676 972 1818 vii-goa

725 1838 825 1860 ω

177 1917 715 2017 όξόχοτρττόποςΑοοοο.ΟΙιοορΙ].
736 1931 774 1995 21
784 1931 803 1993 i.
813 1952 840 1994 e.
848 1902 1067 2066 ὀξῖς-ἧτῖπος
1086 1930 1209 2066 χειδρᾶτ.

886 2085 1011 2108 ῌ

32 2205 33 2212 ¹
198 2137 363 2204 Secundae
385 2141 493 2205 classis
515 2139 655 2229 epitheta
669 2141 820 2226 genetivo
840 2141 975 2206 nominis
998 2141 1148 2205 abstracti
1170 2141 1251 2226 ejus-

117 2267 179 2330 que
192 2249 356 2333 compositi
371 2247 524 2313 vertenda
538 2258 620 2330 sunt,
636 2248 720 2334 quod
742 2248 908 2334 intellegas
923 2269 963 2311 ex
978 2246 1057 2312 Hoc.
1072 2249 1134 2313 362
1147 2267 1250 2331 προσ·
1291 2203 1369 2404 f?

117 2353 192 2429 θεὶς
222 2345 357 2442 ἀνάγκην
388 2348 552 2423 οιτοττοιόν
582 2357 602 2422 i.
625 2377 652 2420 e.
684 2354 875 2430 σιτοποιίος
907 2354 976 2439 (des
1011 2353 1249 2439 Brodbccleens)
1347 2358 1353 2368 '

32 2487 34 2506 ι
117 2463 183 2527 sive
205 2469 266 2528 τοῦ
289 2466 481 2547 σιτοποιοὺς
509 2487 584 2529 nam
611 2481 670 2551 pro
684 2465 812 2527 nomine
836 2462 994 2528 abstracto
1024 2483 1150 2550 semper
1184 2462 1251 2526 fere

118 2567 304 2636 infinitivum
325 2593 480 2658 usurpare
499 2573 629 2659 poteris.

197 2703 300 2769 Venio
322 2703 362 2770 ad
383 2704 506 2770 tertiam
528 2703 671 2786 classem,
694 2704 782 2791 cujus
804 2704 837 2768 in
858 2725 895 2768 eo
909 2702 1039 2790 propria
1059 2712 1173 2767 natura
1186 2723 1251 2766 cer-

118 2809 209 2893 nitur,
232 2810 319 2898 quod
339 2820 471 2897 utraque
493 2812 702 2898 epithetorum
718 2810 861 2876 membra
880 2812 913 2874 in
935 2831 1031 2873 unam
1052 2831 1177 2895 semper
1197 2832 1251 2873 no·
1309 2819 1339 2911 ‚¹

117 2919 233 2982 tionem
255 2928 433 2984 concretam
455 2918 590 2983 conflata
605 2928 686 3000 sunt,
709 2917 796 3004 cnjus
814 2928 863 2984 est
877 2913 1044 3002 genetivus
1059 2918 1090 2979 in
1105 2918 1251 2982 versione
1320 2929 1326 2937 '

117 3022 322 3091 adhibendus.
364 3023 439 3113 Ipsa
464 3036 568 3090 autem
590 3025 729 3112 epitheta
749 3027 793 3091 ita
814 3033 997 3112 comparata
1018 3032 1108 3104 sunt,
1144 3033 1178 3090 ut
1197 3034 1253 3089 aut

117 3131 185 3195 aliis
204 3134 282 3197 locis
302 3155 366 3197 non
387 3155 459 3197 raro
480 3156 538 3220 pro
561 3133 767 3198 substantivis
788 3142 872 3198 stare
893 3132 1025 3208 soleant,
1046 3141 1101 3195 aut
1114 3153 1154 3196 ne
1164 3131 1252 3216 justa

118 3239 243 3324 quidem
266 3243 329 3304 sint
349 3239 516 3326 adjectiva,
538 3240 595 3304 scd
617 3241 814 3305 substantiva
827 3262 886 3328 pro
907 3237 1072 3324 adjectivis
1090 3247 1250 3326 usurpata.

118 3344 189 3412 Huc
209 3348 313 3413 refero
328 3347 408 3412 Hec.
423 3349 485 3414 254
499 3339 698 3436 δημηγόρους
709 3339 808 3429 τιμάς
829 3347 881 3413 die
902 3345 1011 3412 Ekron
1031 3349 1114 3411 eine
1142 3345 1250 3411 Volks-

116 3453 264 3536 redner33
286 3456 354 3519 Alc.
373 3455 437 3520 549
457 3447 597 3542 κλῄσατε
640 3451 752 3542 duodo
781 3447 967 3536 μεοαόλους
996 3453 1147 3520 cocoedis'
1176 3454 1252 3536 (τοῦ

104 3545 292 3645 λμεσοόλοο)
311 3573 432 3649 potos.

197 3691 320 3771 Quarta
351 3694 489 3781 denique
519 3695 620 3760 classe
650 3717 752 3782 pauca
792 3695 946 3760 contineri
975 3694 1061 3760 volui
1102 3691 1250 3780 epitheta,

117 3821 249 3886 quornm
281 3801 416 3868 alterurn
445 3802 485 3868 de
517 3803 640 3869 dnobus
660 3803 810 3870 membris
841 3812 890 3867 est
921 3802 1124 3892 superfluum.
1167 3797 1251 3866 Sunt

117 3906 211 3994 igitur
240 3909 294 3974 illa
312 3910 463 3996 genetivo
484 3909 552 3996 ejus
573 3911 709 3977 nominis
729 3909 970 3992 tr’ansferenda,
1002 3907 1087 3996 qaod
1108 3906 1250 3972 membro

116 4037 178 4082 non
208 4016 382 4110 abundanti
412 4017 597 4083 continetur.
641 4016 736 4097 Quod
762 4039 937 4106 cognoscas
965 4037 1006 4080 ex
1038 4015 1111 4080 Hei.
1136 4015 1196 4080 154
1217 4013 1252 4078 ἐν

115 4127 229 4206 φοναῖς
257 4116 470 4214 θρροκτότοις
490 4127 509 4188 i.
533 4147 560 4190 e.
579 4128 702 4213 θρροῖο,
735 4123 833 4190 Rhes.
855 4124 917 4190 606
940 4114 1146 4210 καρατόμους
1166 4140 1251 4208 σφα-

116 4221 173 4316 yria
193 4234 214 4298 i.
235 4254 264 4299 e.
286 4233 404 4320 capitis
423 4231 556 4300 οοτόοτα.

196 4369 216 4448 ἐ
236 4366 289 4432 82.
310 4363 606 4432 Hisinuniversnm
617 4365 798 4452 praemissis
806 4363 848 4430 ad
859 4365 1056 4450 singulorum
1061 4361 1130 4450 jam
1145 4382 1250 4428 exem·

117 4473 238 4560 plorum
260 4472 531 4538 enumerationem
549 4493 601 4538 me
622 4479 783 4538 converto.
826 4472 876 4538 Ac
891 4473 1011 4557 primae
1031 4468 1160 4556 quidem
1175 4467 1252 4542 clos-
