3072 5278
575 588 780 652 ..11-

114 769 253 856 persecu
284 769 345 852 jem
378 770 417 835 ub
449 770 518 835 aliis
539 770 618 835 haee
639 769 797 854 descripte
818 774 866 831 est
878 767 913 850 ¹),
943 772 979 830 nt
1013 763 1141 827 omnino
1172 757 1247 825 eddi

113 878 283 963 quiequam
310 897 403 964 posse
422 878 618 961 negaverim.
661 873 769 956 Quare
790 873 851 939 hec
869 895 955 937 nunc
983 868 1247 957 supersedeamus

113 1005 228 1070 opem
260 982 317 1048 sed
338 983 422 1048 eliud
442 993 510 1066 est,
539 983 624 1071 quod
644 983 733 1048 brevi
757 981 967 1068 disputatione
988 979 1119 1064 dignum
1141 974 1246 1040 videa·

113 1099 175 1154 tur.
216 1091 334 1175 Agitur
353 1091 436 1155 enim
451 1090 490 1156 de
510 1089 718 1156 secundorum
734 1089 947 1154 membrorum
962 1085 1148 1173 significatu,
1170 1104 1246 1169 qne·

108 1198 152 1272 lis
173 1197 206 1262 in
226 1197 357 1284 singulis
381 1197 482 1263 eineet
502 1197 660 1285 epithetis.
692 1193 777 1261 Nam
798 1189 920 1283 primae
940 1204 972 1259 et
991 1193 1147 1258 seeundee
1169 1189 1246 1254 clue·

112 1305 158 1368 sis
180 1341 215 1353 -
238 1304 277 1370 de
297 1305 488 1370 attributivis
509 1306 570 1370 ulio
598 1306 668 1371 loeo
691 1305 831 1370 dieamus
851 1341 892 1351 —
913 1302 1060 1390 exemplu
1079 1309 1174 1388 prout
1193 1304 1248 1364 ant

112 1410 278 1476 nominalis
298 1421 352 1476 unt
373 1411 510 1477 verbulis
532 1422 582 1478 est
601 1422 714 1482 nature
734 1412 885 1480 membris
907 1409 1071 1492 secundis,
1102 1408 1193 1472 facile
1213 1407 1246 1470 in

111 1518 188 1582 bina
209 1541 242 1583 se
255 1520 384 1604 agmine
397 1517 540 1584 distribui
554 1517 724 1606 patiuntur.
768 1513 861 1597 Quod
878 1515 1036 1603 quomodo
1058 1515 1244 1600 intellegen-

111 1625 189 1690 dum
208 1625 249 1688 sit
276 1626 345 1712 jum
365 1624 482 1692 videas.
524 1626 589 1693 Per
609 1649 645 1692 se
665 1628 770 1709 enim,
800 1628 829 1692 ai
850 1636 1014 1690 externam
1036 1623 1246 1688 membrorum

111 1733 248 1796 formem
269 1743 403 1820 spectes,
424 1733 542 1798 ciarum
565 1743 614 1798 est
633 1732 713 1798 haee
731 1755 861 1819 semper
882 1753 951 1797 esse
972 1730 1150 1795 nominalie.
1192 1730 1245 1792 An

113 1839 209 1904 elium
229 1839 505 1927 exprimendomm
536 1861 666 1906 casuum
672 1889 683 1924 ,
714 1857 884 1925 generum,
915 1857 1119 1903 numerorum
1150 1835 1246 1900 sacul-

115 1957 213 2010 tatem
234 1969 302 2012 esse
319 1941 462 2032 jndices,
498 1945 556 2010 nisi
578 1948 668 2031 hene,
690 1943 776 2035 quod
796 1946 933 2011 nominis
955 1945 1092 2031 speeiem
1114 1961 1247 2030 praese

111 2053 219 2118 ferunt
240 2054 382 2119 membre
403 2054 608 2136 seeunda¹)?
628 2054 741 2141 Itaque
763 2055 796 2118 in
818 2048 886 2118 soie
904 2051 1133 2138 significatione
1153 2050 1247 2138 hujus

111 2160 305 2248 quaestionis
340 2157 501 2226 cardinem
522 2165 644 2227 versari
673 2183 714 2226 ex
745 2162 831 2226 hisee
863 2159 993 2247 colliges
1015 2185 1024 2225 t
1047 2152 1245 2247 ἀνυσιεργός·

110 2265 276 2354 perficiens
308 2289 408 2358 opns3
450 2263 784 2354 texuimus-celeriter
804 2291 955 2358 operans3
988 2258 1246 2354 εὑρεσιεπὴς-ἰη-

114 2379 244 2440 veniens
256 2373 370 2460 verbn3
391 2367 761 2464 neiismtfc=pnlchre
773 2378 914 2465 loquens.
934 2373 1016 2441 Bine
1038 2379 1134 2462 igitur
1154 2397 1245 2438 voce·

113 2485 188 2550 bule
208 2487 240 2549 in
263 2483 374 2550 eedem
393 2485 535 2552 membre
556 2487 690 2570 eeduni3
712 2496 816 2551 temen
841 2475 1032 2570 α’νυοιεργός
1052 2496 1085 2549 et
1104 2475 1246 2568 ταχύερ-

113 2612 167 2675 γος
195 2614 233 2656 eo
264 2587 430 2679 differunt,
472 2593 557 2680 quod
589 2611 660 2658 eum
689 2595 781 2680 hujus
804 2613 915 2677 -εργος
957 2593 1094 2658 nominis
1124 2591 1247 2677 egentis

112 2721 239 2764 sensum
253 2697 378 2784 habeut,
400 2696 463 2784 vel,
484 2701 568 2788 quod
583 2697 625 2766 ed
638 2699 721 2766 idem
742 2701 833 2785 redit,
854 2699 1010 2788 participii
1031 2699 1206 2790 praesentis
1227 2719 1246 2762 a

112 2803 218 2871 redies
251 2809 328 2892 i'sey
359 2803 503 2891 formati,
535 2829 609 2897 pere
640 2805 874 2873 illinssscunde
895 2805 1087 2872 subactionis
1118 2806 1245 2870 nomine

107 2907 203 2998 ἔργον
223 2914 397 3002 repetenda
416 2923 467 2979 est
497 2933 537 2979 ex
566 2911 677 2979 eedem
699 2914 827 3000 quidem
847 2913 953 2978 radice
975 2908 1118 3000 ejusdem
1139 2909 1245 2976 suffixi

113 3043 174 3110 ope
197 3029 387 3109 eempsreio.
428 3017 582 3087 Similiter
601 3021 634 3086 in
656 3015 847 3108 εὖρεσιεπὴς
868 3031 900 3086 et
921 3015 1097 3104 καλλιεπὴς
1116 3019 1199 3084 inter
1213 3041 1247 3084 se

113 3127 262 3192 tenemus
281 3127 425 3195 membru
445 3125 593 3213 secunde,
617 3138 648 3195 et
663 3132 708 3193 sie
722 3132 849 3194 omnino
863 3149 922 3216 pro
942 3127 1153 3215 posteriorum
1174 3148 1244 3213 per-

31 3297 33 3308 ,
111 3235 192 3299 tium
223 3245 337 3301 nutura
365 3245 398 3301 et
426 3237 666 3302 determinativa
698 3246 730 3301 et
761 3235 990 3324 dependentiae
1019 3235 1192 3321 composite
1211 3235 1245 3298 in

31 3351 32 3378 i
110 3343 203 3406 binas
222 3341 315 3406 nubis
335 3343 453 3408 classes
471 3344 546 3408 lieet
565 3343 718 3430 digerens

195 3447 339 3518 Transeo
371 3467 455 3514 nune
485 3449 526 3515 ad
568 3451 785 3538 exemplorum
824 3451 1108 3532 enumerationem,
1151 3467 1246 3533 quam

110 3554 196 3642 quod
217 3556 249 3619 iu
271 3556 334 3622 hae
352 3556 481 3643 quidem
502 3558 605 3644 eapite
618 3557 687 3623 sere
708 3553 841 3643 eatnlogi
863 3559 963 3622 instar
982 3555 1098 3622 exiiens
1119 3565 1151 3620 et
1170 3575 1245 3620 eou-

110 3663 208 3728 eisam
231 3685 300 3728 esse
313 3663 406 3748 volni,
420 3687 458 3730 eo
473 3665 604 3748 facilins,
626 3665 730 3748 erede,
751 3665 827 3729 mihi
847 3667 1003 3750 ignosces,
1024 3662 1109 3751 qaod
1128 3673 1162 3727 et
1174 3664 1246 3728 sim·

109 3771 280 3857 pliuissime
300 3773 355 3836 ilia
374 3783 448 3836 sunt
466 3793 598 3859 eamque
612 3774 712 3859 ipsam
728 3772 769 3837 ob
791 3793 858 3837 rem
873 3773 1066 3836 accuratiore
1081 3771 1133 3834 vix
1149 3781 1246 3856 egent

552 4013 797 4028 *st—-O——t--n

112 4181 305 4192 .—---.--

184 4245 202 4310 ¹)
218 4247 355 4314 salsum
372 4253 398 4298 1ο
414 4246 527 4298 sufficiet
544 4247 577 4298 sd
589 4248 659 4298 cisra
672 4245 737 4298 Eri·
748 4263 772 4314 p.
788 4252 835 4300 lso
852 4265 916 4316 squ..
929 4248 1082 4300 Clemmium
1100 4251 1149 4310 ,de
1163 4267 1244 4318 eemp.

31 4367 32 4370 =
109 4337 204 4386 umn
217 4347 308 4400 qma
319 4333 390 4384 verb.
403 4333 495 4398 incip*
508 4332 597 4384 Giasse
609 4336 674 4386 186⁷
685 4350 710 4399 p.
726 4337 781 4396 149,
796 4337 850 4396 1⁶⁴,
867 4337 920 4398 1⁶9,
934 4335 1104 4386 Subitlitsinm
1118 4337 1135 4387 Ι.
1144 4352 1165 4388 u
1173 4339 1244 4406 1²³⁶·

183 4423 203 4490 ’)
221 4426 253 4478 ef.
271 4425 433 4488 Olemmium,
452 4426 522 4478 curt
541 4427 615 4477 saud.
634 4426 683 4476 vn
699 4442 723 4494 p.
742 4430 782 4480 68.
