3072 5278
568 593 746 657 „9-

65 839 69 852 ,
110 775 173 838 item
192 774 258 840 solo
289 774 427 861 epitheto
456 783 524 840 tota
545 775 634 861 quusi
664 773 772 838 fabula
793 775 825 837 in
847 780 985 837 mentem
1007 772 1064 836 tibi
1085 781 1224 836 vocatur.

111 881 217 946 Tamen
238 904 295 969 pro
318 881 553 968 „descriptivisl‘
575 882 656 947 haee
675 881 792 947 habere
812 902 905 946 nemo
929 879 1128 962 dubitaverit,
1150 880 1226 965 quie

110 1009 162 1053 non
181 988 220 1054 de
254 999 359 1054 eertae
380 989 543 1073 eujusdam
573 990 619 1054 rei
650 990 702 1055 vel
733 1010 887 1076 personae
909 997 1021 1053 natura
1041 986 1092 1052 hie
1111 987 1225 1070 agitur,

110 1119 179 1182 qnae
200 1097 239 1161 sit
258 1096 395 1184 epitheto
410 1097 451 1162 ab
465 1097 535 1161 aliis
556 1095 774 1179 dissernenda‚
795 1118 908 1183 neque,
930 1103 1088 1176 utentes,
1110 1093 1147 1158 fit
1168 1093 1227 1156 eir·

49 1261 50 1280 ,
109 1205 305 1293 cumscriptio.
332 1241 365 1252 -
388 1204 470 1269 Item
492 1204 585 1270 etia'm
602 1203 733 1270 deorum
754 1203 904 1291 epitheta,
926 1205 987 1268 nisi
1007 1202 1094 1288 ejus,
1113 1201 1168 1287 qni
1181 1200 1226 1263 lo·

109 1311 209 1398 quitur,
229 1313 427 1398 aliquatenus
441 1313 547 1378 vverbe
567 1321 711 1400 spectant
730 1312 839 1398 itaque
852 1310 1057 1376 illustrandae
1077 1305 1221 1394 quodem·

108 1417 189 1482 modo
210 1419 327 1484 aetioni
358 1419 534 1484 inserviunt
544 1420 581 1502 ¹),
611 1419 644 1484 in
675 1418 939 1504 descriptivorum
969 1415 1112 1482 ordinem
1139 1413 1227 1478 rede-

108 1545 208 1609 gemus.

178 1631 343 1698 Nonnullis
372 1633 449 1699 loeis
482 1632 652 1722 Euripides
684 1633 794 1699 eadem
815 1632 955 1720 epitheta
986 1631 1110 1697 diverso
1134 1649 1229 1693 sensu

49 1728 50 1794 ἶ
108 1741 209 1826 posuit,
230 1741 318 1806 velut
339 1765 348 1806 ι
369 1741 447 1808 Her.
463 1743 522 1808 fur.
534 1742 575 1808 28
592 1735 700 1819 Λύκος
713 1739 769 1829 τὴν
782 1732 988 1826 ἑπτάπυργον
998 1728 1091 1827 τόνδε
1112 1727 1229 1802 δεσπό-

49 1905 50 1922 ,
109 1845 164 1925 ζων
182 1840 278 1914 πόλιν
283 1898 292 1933 ‚
315 1849 414 1937 Hipp.
431 1852 513 1917 1223
520 1848 629 1938 ,πῶλοι
642 1849 833 1918 tressortem
856 1841 977 1930 στόμια
990 1846 1147 1932 πυριγενῆ
1159 1865 1229 1928 γνα-

49 1947 50 1956 ’
109 1957 205 2038 denir,
230 1955 423 2022 Ρ1εοεα.748
436 1952 542 2022 ἐλθόν
555 1953 762 2044 ἑπτάπυργον
776 1958 811 2034 ἐς
823 1949 931 2042 πόλιν,
953 1955 1009 2024 Or.
1022 1956 1100 2022 820*
1111 1949 1232 2019 συκέων

110 2065 260 2146 πυριγενεῖ
279 2068 388 2146 τεμεῖν
408 2053 550 2150 παλόμᾳ
569 2058 660 2149 χρόα.
688 2066 821 2132 Duobus
849 2066 947 2151 igitur
975 2063 1131 2151 prioribus
1153 2061 1231 2125 loeis

111 2169 285 2258 descriptiva
295 2182 368 2237 sunt
378 2172 527 2260 epitheta,
540 2175 765 2261 posterioribus
776 2173 964 2238 necessarie.
986 2169 1069 2236 Nam
1076 2167 1154 2234 Her.
1170 2168 1231 2232 fur.

111 2275 145 2340 26
163 2299 227 2342 eum
249 2300 267 2343 e
290 2282 521 2346 sententarium
538 2304 679 2362 conexu,
700 2291 768 2346 tum
788 2303 806 2344 e
826 2269 920 2366 rp'sde
940 2276 1048 2344 addito
1069 2277 1145 2340 satis
1167 2274 1232 2338 elu-

112 2395 153 2448 eet
171 2384 295 2452 Thebes
317 2386 357 2452 ab
380 2389 612 2475 Amphitryone
634 2389 771 2476 spectari
793 2388 846 2472 (ef.
872 2387 992 2451 Phoen.
1008 2385 1099 2468 287);
1120 2391 1232 2470 postea

112 2503 203 2558 autem
223 2494 345 2559 Phoen.
359 2495 419 2560 748
430 2497 676 2584 circumscriptio
698 2505 810 2562 exstet.
847 2495 969 2560 Eadem
990 2494 1111 2557 ratione
1133 2489 1232 2576 Hipp.

49 2611 50 2690 J
114 2600 181 2666 1223
200 2607 357 2688 πυριγενῆ
377 2604 471 2668 etiam
491 2604 616 2689 integro
633 2626 727 2670 sensu
742 2604 897 2669 removeri
913 2609 1027 2689 potest,
1049 2599 1135 2686 quod
1148 2598 1233 2663 idem

50 2785 51 2808 ρ
111 2727 165 2772 non
186 2710 268 2776 eadit
289 2712 322 2774 in
344 2709 402 2777 Or.
420 2711 507 2778 820⁸.
552 2710 674 2777 Similia
705 2711 850 2798 exempla
880 2719 1007 2774 exstent
1037 2709 1112 2776 Jon.
1144 2705 1234 2786 bll*,

50 2815 51 2822 '
113 2817 181 2882 1549
199 2819 296 2902 (nee.)
317 2827 351 2882 et
368 2818 463 2884 Andr.
489 2819 566 2885 llb'l
589 2818 787 2906 (descript.)3
816 2816 889 2882 Hel.
909 2817 1007 2883 1485·
1029 2815 1125 2899 (nee.)
1147 2822 1180 2876 et
1199 2810 1234 2877 J.

112 2919 144 2984 T.
165 2925 260 2990 1236·
282 2924 477 3014 (descript)3
500 2925 575 2992 don.
601 2927 697 2994 1466*
719 2927 817 3013 (nee.)
840 2934 872 2989 et
892 2923 1013 2988 Phoen.
1039 2921 1126 2988 128*.

181 3031 254 3098 dam
276 3032 317 3098 de
337 3054 470 3115 norma,
505 3055 600 3120 quam
622 3035 720 3100 seeuti
743 3055 860 3116 sumus,
882 3033 938 3098 ubi
958 3031 1173 3095 necessarium
1194 3050 1235 3092 an

50 3129 51 3182 ἒ
113 3135 324 3226 descriptivum
346 3140 385 3205 sit
405 3140 466 3204 hoc
486 3141 537 3207 vel
552 3141 629 3207 illud
641 3142 802 3230 epitheton
816 3140 999 3224 ambigitur,
1021 3138 1107 3218 satis,
1131 3133 1235 3218 eredo,

50 3301 51 3304 ,
114 3249 316 3330 exposuimus.
375 3245 446 3312 Nee
486 3249 585 3314 multa
623 3250 662 3314 de
706 3249 889 3314 ornantibus
930 3245 1075 3331 epithetis
1103 3241 1238 3306 dicenda

50 3345 51 3378 f
113 3363 237 3438 restent,
260 3376 393 3442 quornm
415 3378 491 3442 prae
520 3359 630 3424 esteris
651 3356 779 3445 quidem
801 3354 930 3420 omnino
951 3375 1015 3418 nen
1038 3353 1082 3416 ita
1103 3371 1236 3435 magnus

112 3459 184 3544 spud
203 3461 387 3549 Euripidem
410 3486 559 3530 numerus
580 3467 748 3530 invenitur.
783 3462 915 3530 Clarum
936 3471 1041 3526 autem
1064 3468 1121 3541 est,
1144 3457 1237 3522 etiam

111 3562 160 3648 hie,
180 3579 214 3634 ut
234 3581 331 3637 antea
351 3570 384 3636 in
407 3572 623 3660 descriptivis‚
648 3572 828 3659 ubieunque
852 3568 1118 3636 circumlocutioni
1139 3566 1237 3629 inser·

112 3673 187 3738 vient
207 3677 355 3764 epitheta,
377 3700 431 3763 ea,
453 3681 596 3768 quamvis
627 3680 697 3746 eliis
728 3681 807 3744 loeis
828 3679 975 3743 ornantia
999 3679 1080 3757 sint,
1113 3694 1239 3760 semper

51 3855 52 3880 ρ
111 3787 204 3846 tamen
225 3786 310 3848 inter
329 3789 508 3854 necessarie
537 3808 607 3856 esse
630 3785 806 3854 reserenda.
850 3783 923 3864 Quo
944 3787 976 3848 in
1000 3803 1116 3868 genere
1140 3781 1238 3846 affero

110 3879 160 3950 τόν
177 3882 349 3974 κερόεσσαν
369 3887 456 3974 ἔχειν
475 3886 699 3978 χρυσόμαλλον
719 3889 802 3958 κατὰ
822 3892 913 3971 δῶμα
933 3887 1073 3970 nolueras
1083 3887 1134 3954 El.
1150 3887 1238 3972 725⁸,

115 4057 298 4074 ¹·——1-u

174 4175 193 4248 ¹)
211 4179 240 4232 Id
256 4197 341 4250 ρεεαε
358 4181 505 4248 exemplum
523 4186 564 4234 est
581 4179 715 4235 1111117*
732 4175 762 4238 lo*
774 4178 815 4238 Γᾶ
823 4184 865 4236 rol
876 4175 925 4238 zeb
945 4179 1107 4254 nnvdrputru
1123 4171 1241 4252 βροτόν,

114 4261 158 4317 λόει
168 4261 223 4322 «td
247 4275 316 4344 ἔργα,
327 4269 373 4319 ubi
398 4270 559 4344 nm'depslru
572 4283 650 4319 eausa
658 4266 792 4328 indumen,
811 4281 857 4317 our
873 4268 906 4318 sd
924 4265 1035 4317 nefanda
1052 4263 1166 4314 taeinora
1182 4277 1241 4314 eon·

114 4361 235 4404 ”mmm
260 4369 316 4406 esse
344 4355 437 4406 Jovem
464 4354 555 4406 oeulos
572 4354 677 4406 Orestes
696 4355 756 4420 jure
782 4351 910 4404 oonfldere
928 4349 1025 4418 possit;
1052 4351 1086 4401 el.
1108 4353 1241 4416 praeterea

117 4433 184 4506 fltpp.
203 4439 282 4505 ωας
300 4441 358 4492 nel
377 4443 442 4504 συός
462 4444 513 4509 mg.
532 4443 618 4508 σεεμ.
