3030 5266
747 997 867 1083 OAP.
897 999 972 1082 ΠΙ.

691 1207 849 1296 Epithcta
869 1207 1034 1276 ornantia

375 1391 466 1474 555.
511 1391 636 1455 Eximio
665 1388 792 1476 quidem
820 1390 943 1454 indoles
975 1389 1137 1478 Euripidis
1168 1388 1294 1476 poetica
1323 1389 1358 1453 in
1380 1387 1433 1453 de·

296 1499 450 1588 scriptivis
473 1497 557 1561 valet
577 1495 733 1586 epithetis,
756 1520 815 1562 noc
835 1498 938 1562 minus
960 1498 1099 1562 cernitur
1115 1496 1170 1562 illa
1182 1498 1217 1561 in
1239 1498 1435 1591 ornantibus.

296 1604 424 1685 Quare
446 1614 612 1691 utrumque
635 1626 737 1690 genus
759 1602 898 1687 differat,
930 1608 950 1688 ξ
977 1607 993 1668 l
1027 1606 1247 1692 exposuimus3
1270 1605 1326 1670 sed
1351 1605 1436 1669 uliud

296 1722 353 1796 cst,
375 1710 491 1799 dequo
508 1734 610 1798 panca
624 1711 855 1797 praemittenda
869 1713 941 1777 sint.
985 1711 1078 1777 Duae
1102 1712 1186 1776 enim
1202 1720 1275 1776 sunt
1298 1736 1436 1800 „ornan-

298 1820 394 1887 ts'um‘
420 1821 545 1902 classes,
568 1842 702 1906 quarum
716 1821 812 1906 priori
826 1821 931 1884 omnia
946 1817 1185 1885 adnumeranda
1206 1828 1295 1902 sunt,
1318 1821 1435 1907 quibus

295 1951 363 1994 rom
384 1929 436 1993 vel
467 1948 634 2015 porsonam
669 1927 720 1992 vol
741 1927 855 1992 animal
887 1929 953 1993 sive
976 1925 1208 2014 pulchritudine
1238 1935 1269 1992 et
1289 1929 1436 2014 magnifi-

296 2037 399 2102 centia
420 2037 487 2101 sive
507 2035 613 2122 aliqua
634 2035 748 2100 virtute
770 2044 802 2100 et
825 2037 1023 2122 praestantia
1043 2037 1126 2100 inter
1147 2044 1269 2099 ceteras
1292 2035 1436 2121 ejusdem

295 2145 422 2230 generis
442 2166 502 2224 res,
525 2144 686 2230 personas,
709 2141 856 2206 animalia
877 2144 1087 2231 qualicunque
1111 2140 1205 2206 modo
1228 2143 1371 2208 eminere
1391 2145 1438 2207 ita

297 2251 503 2337 exprimitur,
525 2258 560 2314 ut
581 2250 704 2314 etiamsi
724 2250 794 2336 ipsa
815 2249 866 2314 illa
881 2231 1044 2314 removeas
1065 2248 1142 2314 nihil
1156 2257 1263 2313 tamon
1285 2249 1324 2313 de
1339 2249 1437 2314 totius

198 2371 199 2380 ’
297 2359 449 2424 enuntiati
480 2380 576 2422 sensu
608 2353 752 2422 mutetur.
797 2356 891 2436 Quod
919 2374 1029 2444 aeque
1052 2359 1084 2420 in
1106 2359 1261 2444 simplicia
1282 2358 1367 2422 cadit
1390 2369 1436 2422 at-

297 2487 358 2553 que
389 2467 422 2529 in
464 2467 656 2553 composito3
701 2464 756 2530 sed
786 2465 851 2546 his,
889 2465 922 2528 id
955 2463 1039 2552 quod
1071 2467 1169 2551 ipsius
1198 2467 1438 2552 compositionis

296 2584 430 2640 naturae
457 2571 660 2639 tribuendum
682 2582 747 2655 est,
775 2595 870 2660 saepe
898 2595 962 2636 non
983 2573 1166 2660 simpliciter
1194 2574 1362 2660 pulchrum
1384 2575 1438 2638 vel

297 2680 497 2766 magnificum
521 2681 571 2746 vel
592 2681 696 2767 aliqua
717 2681 840 2744 virtutis
856 2681 1048 2767 praestantia
1064 2680 1207 2744 eminens
1229 2680 1350 2767 aliquid
1364 2704 1437 2746 esse

296 2788 513 2876 praedicatur,
536 2787 591 2853 scd
614 2788 789 2875 praeditum
812 2789 915 2875 potius
938 2798 1032 2874 atquo
1053 2789 1239 2852 instructum
1261 2788 1368 2875 aliqua
1390 2813 1436 2871 re,

297 2895 346 2960 oui
378 2895 545 2981 qualitates
576 2895 647 2959 illae
686 2877 799 2958 insitae
838 2904 911 2959 sunt
940 2903 971 2958 ct
998 2894 1234 2981 quodammodo
1256 2897 1437 2960 inhaerent.

296 3005 410 3089 Itaque
430 3001 622 3086 καλλίχορος
646 2991 834 3085 (Πανοπεύς
848 3001 876 3066 λ,
893 3002 962 3086 581,
993 3004 1095 3086 troipas
1113 3001 1189 3069 Jon.
1214 3004 1334 3088 1075*),
1354 3003 1437 3068 καλ-

297 3109 404 3197 λίροος
423 3101 585 3194 (ποταμός
606 3131 623 3174 a
642 3111 739 3194 441),
771 3105 938 3184 καλλίναος
960 3111 1044 3193 (Alo.
1066 3111 1145 3177 589*
1166 3110 1340 3176 καλλίναον
1362 3117 1437 3176 Βοι-

296 3217 372 3300 dtur
400 3214 544 3298 λίμναν),
572 3205 868 3304 λιπαροπλόκαμος
896 3209 1031 3306 (κεφαλή
1056 3225 1094 3284 Τ.
1119 3219 1209 3303 126),
1231 3211 1438 3306 λιπαροκρή-

298 3327 411 3407 δεμνος
444 3317 566 3412 (Χάρις
596 3329 629 3389 Σ.
651 3327 742 3411 382),
776 3317 993 3412 λιπαρόζωνος
1019 3321 1153 3410 (Ἀὲλιος
1174 3325 1295 3390 Phoen.
1320 3328 1436 3410 178*);

298 3424 473 3519 ὁιοτρεφῆς
493 3423 664 3516 (βασιλεύς
686 3439 724 3500 Β.
748 3435 837 3519 196),
859 3424 1049 3517 μεγάθυμος
1071 3424 1203 3520 (Ἀθήνη
1224 3437 1260 3498 θ.
1281 3435 1359 3518 520)
1382 3458 1431 3499 or·

297 3541 446 3608 nantibus
475 3541 621 3628 epithetis
651 3542 762 3607 codem
790 3541 863 3626 jure
885 3541 1055 3606 inserenda
1076 3551 1164 3624 sunt,
1196 3563 1259 3627 qno
1281 3542 1437 3629 simplicia

297 3640 402 3728 καλός,
413 3638 563 3733 λιπαρός,
573 3648 644 3725 δῖος
655 3649 834 3738 (propios),
844 3647 955 3734 μέγας,
967 3640 1096 3736 ἀγλαός,
1116 3641 1248 3736 α’γαυός,
1263 3648 1435 3734 φαίδιμος,

299 3748 410 3832 κλυτός
431 3755 654 3845 (czapoificcs),
678 3752 817 3845 ἀγαθός,
840 3748 969 3841 ἐσθλός,
989 3751 1132 3844 careph
1153 3757 1214 3822 alia
1227 3757 1263 3842 ¹).
1296 3757 1373 3825 Jam
1397 3759 1435 3824 ad

299 3865 429 3930 alteram
449 3866 580 3929 classem
602 3866 695 3929 venio
717 3888 755 3930 ea
776 3865 894 3930 scilicet
915 3868 1128 3931 continentem
1150 3865 1297 3953 epitheta,
1321 3867 1436 3952 quibus

299 3994 367 4056 ros,
395 3973 629 4061 qualescunque
652 3981 743 4054 sunt,
769 3995 881 4038 aureas
902 3975 954 4038 vel
975 3983 1144 4058 argenteas
1176 3973 1227 4037 vel
1258 3995 1435 4059 purpureas

300 4158 495 4170 —Q

370 4291 389 4358 ¹)
409 4294 481 4344 Haec
514 4293 578 4344 mihi
613 4295 774 4344 Ducntaerns
815 4291 1006 4358 suppeditavit,
1040 4295 1198 4346 Homerischs
1233 4293 1436 4362 Athandlunqcn

299 4395 324 4445 p.
341 4381 398 4431 509.
