3076 5294
599 595 817 661 -173-

143 796 224 856 mus,
245 775 307 840 alia
328 776 420 840 nohis
441 777 493 841 via
513 775 723 863 ingredienda
744 787 801 841 est.
843 776 1056 841 Membrorum
1079 780 1164 842 enim
1180 779 1274 843 abun·

142 881 283 946 dantiam
309 883 343 945 in
365 905 403 946 eo
426 883 639 970 epithetorum
671 907 788 970 genere
809 885 947 949 maxime
967 885 1071 948 locum
1093 884 1210 949 habere
1231 885 1276 948 vi-

142 987 267 1072 demus,
299 1011 433 1076 quorum
465 1000 571 1078 partes
604 991 654 1055 vel
677 989 897 1056 antecedentes
927 992 979 1056 vel
999 993 1202 1078 insequentes
1224 1003 1278 1056 aut

141 1097 276 1160 notionis
307 1097 443 1187 quadam
476 1098 664 1184 cognatione
697 1121 768 1162 cum
798 1099 977 1164 nominibus
1009 1101 1073 1163 suis
1095 1099 1276 1183 cohaerent,

142 1213 195 1268 aut
216 1225 311 1272 sensu
329 1227 460 1292 prorsus
481 1206 558 1269 nihil
580 1205 619 1270 ab
648 1206 709 1270 illis
732 1207 890 1272 differunt.
932 1205 1051 1272 Prioris
1072 1209 1199 1293 generis
1221 1227 1274 1271 cx=

142 1309 279 1396 emplum
310 1321 358 1376 est
389 1311 501 1392 δεξιᾶς
521 1303 683 1378 ου’ωλένοο
703 1309 1276 1400 Hipp.605*‚'ubia1ter0membr0

143 1439 215 1504 pars
235 1418 401 1502 indicatam,
422 1443 504 1506 quae
526 1423 559 1485 in
573 1432 640 1485 toto
656 1421 847 1506 conspicitur
862 1423 988 1485 nomine
1003 1419 1099 1501 δεξία
1115 1443 1275 1507 expresso.

144 1525 207 1592 Sed
237 1525 317 1590 adeo
344 1549 408 1591 non
428 1529 620 1593 eredendum
643 1537 707 1608 est,
735 1528 832 1592 cubiti
857 1523 1019 1594 notionem
1049 1529 1190 1616 inprimis
1225 1529 1276 1592 hic

142 1633 279 1718 epitheto
301 1633 414 1700 efferre
435 1636 574 1700 voluisse
595 1644 740 1722 poetam,
769 1647 805 1699 ut
825 1636 905 1700 haec
925 1657 1002 1722 prae
1025 1638 1124 1701 altera
1145 1634 1274 1722 quidem

143 1740 246 1827 priore
269 1742 410 1807 membro
432 1743 570 1807 indicata
583 1743 651 1808 fere
674 1753 850 1808 evanescat.
868 1780 903 1793 -
919 1744 1065 1834 Alterum
1086 1766 1188 1830 genus
1209 1744 1276 1809 illu·

141 1859 256 1914 stretur
277 1849 398 1914 Phoen.
421 1852 520 1916 1549*
540 1843 630 1916 πόδα
657 1846 711 1915 σου
731 1844 934 1936 τυφλόπουν,
964 1873 1100 1938 quocum
1130 1852 1276 1939 exempla

142 1957 284 2022 conferas
314 1981 346 2044 p.
369 1959 429 2023 172
460 1958 598 2023 laudata.
649 1959 689 2023 In
723 1958 772 2023 his
792 1959 889 2045 igitur
907 1959 1081 2045 perfectam
1109 1961 1275 2024 nominare

141 2064 211 2129 iicet
222 2064 465 2148 abundantiam
485 2076 594 2130 contra
605 2065 703 2152 Hipp.
715 2067 796 2132 605*
807 2064 1024 2152 imperfectam
1038 2067 1136 2132 habes
1148 2089 1222 2130 nam
1243 2068 1274 2130 in

143 2171 199 2236 hoc
216 2195 287 2236 cum
303 2173 502 2259 aliquatenus
517 2183 602 2238 certe
617 2175 861 2258 persentiscatur
875 2172 979 2238 adhuc
992 2174 1121 2238 alterius
1143 2176 1276 2240 membri

141 2279 327 2364 significatio
350 2281 382 2344 in
407 2281 467 2345 illis
489 2281 568 2345 haec
589 2282 635 2344 ita
654 2281 747 2368 plane
770 2280 899 2364 delituit,
922 2291 957 2344 ut
984 2283 1018 2344 in
1039 2281 1185 2346 versione
1206 2285 1277 2367 ipsa

142 2387 284 2452 membra
300 2389 426 2452 omnino
442 2389 532 2453 reddi
546 2397 714 2474 nequeant.
729 2426 770 2437 -
788 2388 864 2455 Jam
879 2410 954 2452 vero
970 2411 1081 2453 causas
1095 2389 1187 2474 hujus
1199 2389 1276 2454 idio-

140 2495 228 2558 matis
251 2497 514 2583 circumspicienti
535 2495 612 2560 mihi
634 2495 716 2560 duae
738 2497 934 2583 potissimum
964 2497 995 2559 in
1017 2508 1157 2561 mentem
1181 2518 1275 2561 vene·

139 2613 219 2686 runt,
242 2625 376 2688 quarum
390 2626 486 2668 unam
500 2603 629 2690 quidem
645 2626 777 2690 eamque
791 2605 1011 2690 gravissimam
1027 2626 1123 2690 supra
1137 2610 1183 2691 (p.
1201 2605 1273 2691 172)

133 2708 202 2792 jam
233 2712 344 2796 tetigi3
377 2713 479 2797 posita
514 2721 562 2776 est
593 2714 625 2775 in
656 2724 820 2799 poetarum
853 2711 955 2776 studio
990 2734 1040 2775 res
1082 2734 1274 2798 personasve
1374 2789 1379 2797 ι

138 2839 231 2901 qnam
262 2819 800 2991 Q&
843 2819 907 2883 Vix
939 2829 1043 2883 autem
1076 2822 1190 2885 mirum
1212 2823 1274 2884 cni-

138 2945 230 3008 quam
251 2925 397 2990 videatur
418 2949 458 2991 ex
481 2929 537 3010 eis,
560 2950 641 3012 quae
664 2926 703 2991 de
725 2979 741 3012 „
767 2928 1027 3013 escriptivorum“
1049 2939 1164 2994 natura
1179 2952 1274 3016 supra

137 3033 172 3116 (ξ
191 3033 244 3111 39)
278 3033 527 3122 disputavimus,
563 3035 647 3120 quod
684 3035 732 3099 his
766 3035 842 3122 ipsis
863 3058 1039 3121 permagna
1060 3035 1273 3102 abundantiae

136 3145 353 3231 exemplorum
373 3165 448 3229 pars
470 3143 614 3207 efficitur.
656 3142 769 3207 Altera
807 3142 898 3227 hujus
918 3141 1078 3208 idiomatis
1100 3167 1194 3208 causa
1214 3167 1273 3208 nec

137 3272 174 3315 ea
203 3250 332 3337 quidem
360 3260 436 3314 cont
423 3250 632 3314 temnenda
624 3274 656 3313 1n
685 3273 722 3315 eo
742 3251 881 3315 cernitur
889 3250 1006 3337 ,quod
1029 3253 1193 3371 compositi
1213 3274 1272 3314 usu

136 3359 311 3432 orationem
293 3359 559 3473 elegantiorem
582 3367 614 3420 et
628 3382 648 3421 a
670 3357 825 3422 cotidiano
842 3358 975 3421 dicendi
980 3381 1040 3422 usu
1054 3359 1156 3442 magis
1172 3380 1272 3422 remo
1368 3386 1395 3432 f

135 3477 198 3529 tam
227 3475 323 3552 poeta
348 3465 443 3553 saepe
465 3459 599 3529 reddere
622 3464 737 3530 studet
793 3443 890 3544 Quod
919 3455 1105 3551 praesertim
1138 3466 1171 3529 in
1207 3467 1271 3553 epi·
1339 3494 1346 3504 ·

134 3572 219 3638 theta
234 3574 317 3636 cadit
331 3574 371 3636 ab
397 3565 445 3656 ed,
468 3567 520 3650 oi-‚
542 3572 623 3646 dvc·
648 3574 830 3658 mc1p1ent1a
845 3572 880 3656 (ξ
895 3573 967 3656 77)
990 3573 1065 3637 taha
1080 3595 1162 3638 emm
1178 3571 1271 3637 Euri·

134 3679 223 3766 pides
245 3702 310 3745 non
331 3703 402 3745 raro
424 3678 554 3745 adhibet
574 3679 629 3743 ubi
650 3681 804 3768 simplicia
826 3676 944 3762 καλός,
976 3671 1120 3764 ἁγαθός,
1144 3673 1271 3756 ἐσθλός.

134 3779 229 3863 κακός
238 3787 416 3876 similiaper
424 3811 457 3852 se
464 3789 534 3873 jam
542 3808 669 3850 sensum
678 3787 824 3851 omnihus
833 3790 971 3851 numeris
980 3788 1159 3852 absolutum
1167 3788 1272 3854 effice·

134 3907 212 3980 rent,
233 3905 269 3960 ut
296 3895 416 3960 Phoen.
442 3894 519 3959 1217
543 3887 713 3977 εὐάγγελος
733 3884 842 3980 φήμης
874 3893 950 3956 Her.
974 3894 1034 3959 fur.
1055 3895 1117 3960 288
1139 3885 1273 3982 δόκησις

134 3999 263 4088 aduletis
285 3993 401 4086 δορός,
433 4021 516 4089 qnae
545 4011 620 4066 eunt
640 4002 844 4089 imperfectae
873 4000 1086 4067 abundantiae
1107 4004 1270 4091 exempla;

132 4113 304 4198 perfectam
349 4111 446 4177 habes
490 4107 612 4173 Phoen.
655 4109 735 4176 808*
770 4101 1024 4191 ἀμουσοτάταισι
1059 4107 1116 4176 οὐν
1150 4105 1270 4195 φ’ὸοῖςς

133 4217 229 4306 Hipp.
253 4219 351 4283 1143‘
371 4210 503 4298 πότμος
523 4206 671 4295 ἄποτμος
692 4217 727 4302 (5
749 4219 813 4302 77).

216 4323 307 4404 Quae
336 4327 500 4414 hueusque
522 4327 724 4412 exposuimus
754 4327 795 4391 ad
827 4325 967 4413 epitheta
987 4327 1086 4393 solum
1109 4327 1270 4414 pertinent
