3030 5266
631 595 851 658 -145-

177 769 317 840 Similem
344 774 376 840 in
408 774 537 840 modum
566 765 659 856 νόμος
687 796 817 839 manum
850 773 943 839 hebet
964 773 1058 839 Pind.
1090 776 1152 862 frg.
1183 775 1243 840 ino.
1264 777 1304 842 48

175 873 268 963 νόμος
287 877 306 947 d
320 872 449 947 uolnus
461 877 620 966 βασιλεῦς
639 881 766 947 θνατῶν
781 903 817 946 se
831 880 886 948 καὶ
902 871 1075 947 ἀθανάτων
1088 876 1159 968 dyas
1180 883 1309 949 δικαιῶν

174 985 213 1054 sd
231 981 418 1072 βιαιότατον
438 978 607 1077 ὐπερτᾶτᾳ
626 988 733 1076 χειρίς
754 989 883 1055 brevius
898 999 1004 1056 autem
1019 1013 1078 1055 neo
1098 992 1201 1055 minus
1224 1001 1307 1056 certe

178 1097 299 1182 poetice
319 1097 404 1163 idem
425 1097 584 1164 Pindarus
606 1098 682 1164 dicit
701 1089 903 1184 μαλκόχειρα
921 1095 1018 1181 νόμον
1039 1097 1146 1184 (Nem.
1168 1097 1221 1165 III
1242 1099 1306 1184 55).

255 1227 316 1294 His
337 1230 473 1318 probare
495 1231 642 1296 volebam
674 1233 777 1317 poetis
809 1229 942 1298 Graecis
974 1253 1039 1296 non
1077 1238 1143 1296 toto
1178 1253 1305 1318 semper

174 1335 335 1401 enuntiato
384 1338 435 1403 vel
476 1339 600 1428 phrasi,
646 1337 702 1403 sed
742 1338 841 1402 multo
882 1339 986 1424 aptius
1036 1359 1131 1427 saepe
1173 1337 1306 1422 singulis

175 1441 321 1528 epithetis
341 1452 492 1530 tanquam
510 1465 663 1532 personas
685 1463 734 1508 res
757 1444 854 1508 oeulis
877 1444 1021 1508 subicere
1042 1444 1175 1508 licuisse.

254 1573 539 1640 Personiliaationis
561 1576 706 1662 exempla
726 1596 781 1641 eur
796 1583 908 1662 quarto
923 1575 1025 1662 eapite
1037 1597 1096 1662 per
1116 1596 1150 1638 se
1171 1582 1305 1640 tractare

174 1701 233 1746 nee
262 1681 363 1746 tribus
396 1682 515 1768 potius,
545 1704 628 1768 quae
654 1683 723 1768 jam
744 1683 949 1765 antecedunt,
971 1683 1113 1747 inserere
1144 1681 1305 1765 voluerim,

172 1788 304 1874 quisque
346 1788 438 1854 facile
465 1811 483 1853 e
511 1790 571 1872 §2
602 1813 633 1876 p.
669 1791 707 1855 10
735 1791 904 1877 intelleget.
960 1792 1128 1870 Attamen,
1160 1812 1201 1854 ne
1231 1788 1306 1875 quid

175 1895 377 1979 desideretur,
398 1895 645 1983 unumquodque
667 1899 825 1985 epitheton
840 1907 945 1962 utrum
964 1899 1176 1962 necessarium
1203 1898 1305 1960 sitan

174 2001 396 2090 descriptivum
420 2027 460 2068 an
482 2026 607 2087 ornans,
628 2015 740 2092 postea
759 2007 888 2093 insuper
908 2004 1062 2071 indicabo.
1106 2004 1200 2068 Nune
1220 2025 1304 2087 vero,

172 2110 354 2197 priusquam
376 2109 415 2176 ad
437 2113 577 2198 ipsorum
594 2113 809 2201 exemplorum
824 2112 1094 2177 enumerationem
1108 2111 1304 2194 accedamus,

173 2219 202 2280 in
223 2219 409 2284 universum
430 2218 470 2284 de
492 2220 776 2306 personilieationis
797 2231 910 2285 natura
930 2220 1037 2308 paucis
1060 2239 1219 2304 exponere
1233 2218 1305 2305 pla·

172 2333 228 2390 oet
270 2323 344 2404 Quo
373 2329 405 2392 in
434 2349 553 2414 genere
573 2328 706 2392 multum
728 2327 764 2395 O.
788 2326 825 2394 O.
846 2328 976 2394 Henseo
986 2329 1011 2410 ¹)
1034 2325 1155 2408 debeo,
1177 2327 1232 2412 qui
1253 2346 1303 2388 me

173 2432 266 2498 dooet
287 2432 402 2522 duplici
423 2437 546 2500 ratione
566 2456 660 2522 posse
680 2458 730 2500 res
751 2458 809 2522 pro
835 2433 978 2522 personis
998 2433 1113 2498 induci.
1156 2432 1208 2498 De
1229 2453 1303 2518 que-

171 2540 217 2604 vis
238 2543 322 2605 enim
343 2563 388 2626 re,
412 2544 561 2628 quoniam
582 2543 676 2607 homo
699 2566 716 2608 e
738 2542 860 2608 duabus
881 2541 999 2607 naturis
1022 2547 1162 2622 constat,
1184 2538 1301 2624 ahquid

172 2648 346 2732 praedicari
387 2649 461 2714 lieet
496 2659 551 2714 aut
594 2673 612 2715 a
647 2671 814 2737 corporea,
847 2660 901 2714 aut
935 2648 975 2713 ab
1013 2647 1178 2732 ingeniosa
1222 2645 1302 2708 illius

170 2762 282 2818 nature
302 2758 481 2842 repetitum.
523 2757 589 2824 Sed
610 2757 695 2843 quod
715 2780 897 2843 corpoream
926 2755 990 2819 dixi
1011 2766 1160 2818 naturam
1179 2752 1212 2817 id
1232 2760 1301 2816 tan·

170 2882 263 2946 quam
285 2863 478 2950 amplissimo
500 2885 595 2929 sensu
626 2865 745 2929 dietum
772 2864 938 2948 intellegas
949 2863 986 2948 ²).
1010 2899 1044 2909 -
1067 2861 1117 2924 Ac
1138 2860 1177 2924 de
1198 2859 1302 2946 priore

170 2969 296 3054 quidem
317 2970 599 3057 perseniliaationis
619 2993 736 3058 genere
757 2973 860 3058 ipsum
882 2992 973 3036 suum
993 2969 1105 3033 librum
1127 2970 1177 3032 vir
1191 2967 1301 3031 doetus

169 3096 239 3140 esse
260 3076 376 3160 voluit3
397 3079 429 3143 in
445 3078 544 3144 altero
556 3077 583 3162 ⁸)
607 3088 726 3160 eontra,
749 3078 833 3165 quod
849 3099 925 3142 mox
945 3084 1151 3141 mactaturum
1174 3095 1208 3138 se
1229 3095 1299 3138 esse

173 3311 365 3321 ——

236 3449 257 3515 ¹)
274 3449 408 3500 Poetlsehe
420 3450 630 3502 Personlfiestion
642 3451 668 3503 in
686 3453 784 3520 grieeh.
797 3453 971 3519 Dlehtuugem
989 3451 1037 3502 mit
1048 3447 1301 3516 Berllekslehligung

168 3535 211 3584 lat.
228 3535 336 3586 Dichter
353 3538 405 3586 und
425 3536 590 3602 Shskspere's
608 3538 683 3590 llalls
702 3538 782 3590 lese.

234 3624 256 3694 ²)
274 3627 331 3689 Quo
359 3628 386 3680 in
406 3645 501 3696 genere
520 3631 616 3682 Hensei
633 3632 712 3683 verbs
737 3634 852 3682 mulares
872 3647 879 3680 ι
899 3631 946 3682 ola
965 3610 1189 3696 Meneclenqsslalt
1203 3627 1301 3696 pelaspt

166 3714 252 3778 [amer
267 3731 297 3764 u
313 3715 448 3767 sichllsm
466 3715 655 3768 indulturum
671 3718 751 3770 decret
767 3717 905 3785 Kleidm,
933 3714 1072 3776 sumt,
1097 3712 1229 3780 Wohmusp
1246 3713 1300 3766 sud

167 3797 335 3866 dupleiolem·
365 3800 474 3870 Walters,
501 3802 608 3854 Ges-delle
624 3803 677 3856 md
693 3805 828 3874 &crepes
853 3802 959 3855 alelen
987 3803 1027 3853 die
1047 3799 1239 3868 Eipsnoeliqlteil
1257 3799 1300 3852 der

167 3883 345 3955 dealdune.
364 3915 396 3925 -
416 3889 463 3940 llis
492 3891 659 3942 mollicie
678 3891 774 3943 dentale
800 3891 832 3943 iat
848 3908 875 3942 ss
892 3890 978 3952 ascl,
1003 3887 1093 3942 ueto
1119 3901 1170 3938 eos
1187 3884 1231 3936 der
1251 3885 1299 3936 e·-

167 3972 302 4042 ώηκς
323 3971 404 4026 dated
428 3969 510 4042 θεός
527 3976 634 4030 addis
651 3975 807 4047 Bwlunp
825 3994 871 4030 su·
896 3976 1065 4044 Auehosw
1080 3971 1200 4042 yelmdl
1228 3970 1298 4034 ΨΜ,

166 4058 183 4108 1.
201 4071 223 4108 o.
242 4060 347 4124 preerat
363 4074 388 4126 p.
406 4061 437 4112 V.

233 4168 255 4238 ⁸)
273 4170 304 4222 In
321 4170 371 4221 hoe
388 4172 450 4237 qnid
467 4171 646 4239 praestandum
665 4171 715 4223 sibl
731 4172 771 4222 vir
788 4173 879 4223 doetus
896 4171 1069 4238 proposuerit,
1095 4187 1128 4223 ex
1145 4171 1226 4238 ipsius
1243 4187 1297 4222 ver·

166 4252 207 4304 his
231 4256 337 4323 eolligu
364 4256 454 4322 (praes.
471 4273 496 4323 p.
515 4258 562 4324 VI)
581 4275 588 4308 ι
606 4258 653 4310 Dis
680 4259 763 4310 weila
782 4258 881 4326 llrspps
905 4257 958 4308 aad
974 4257 1020 4309 der
1036 4259 1120 4310 suile
1139 4257 1207 4310 ml
1222 4258 1301 4310 diem

166 4339 261 4406 dedn'fl
284 4342 350 4394 aad
377 4343 423 4395 dm
453 4343 534 4395 oola
559 4344 603 4396 der
636 4343 791 4412 lindum
821 4344 873 4396 end
905 4343 1001 4396 ΨΜ
1030 4343 1183 4408 amn,
1207 4343 1300 4395 meleha

168 4425 427 4481 deidswsrldltaisss
445 4429 597 4492 laudatus,
622 4429 789 4482 mamea
808 4431 982 4498 desimus
998 4433 1051 4482 aad
1068 4431 1225 4484 Seslsslsbes
1241 4429 1300 4482 oder

1061 4515 1101 4580 10
