3030 5266
670 620 888 684 -146-

210 802 369 889 professus
390 810 457 883 est,
479 802 569 866 doleo
591 800 676 888 quod
698 803 859 888 bucusque
881 800 1009 890 quidem
1031 801 1135 876 nullus
1159 800 1347 874 elaboravit.

212 907 324 994 Itaque
349 911 507 997 inpriore
533 931 604 980 cum
625 909 708 982 illius
731 909 872 998 vestigiis
895 909 1039 980 insistere
1060 908 1152 978 nobis
1173 907 1282 990 liceat,
1310 911 1347 976 in

213 1015 311 1080 altero
351 1026 459 1094 nostro
491 1017 593 1088 Marte
632 1013 804 1102 procedere
835 1015 984 1103 cogimur,
1027 1013 1102 1090 Jam
1124 1037 1199 1088 vcro
1221 1015 1349 1102 cingula

213 1123 265 1188 hio
300 1144 482 1191 enumerare
514 1122 684 1206 vocabula,
721 1123 835 1210 quibus
867 1123 1047 1191 inanimatis
1077 1123 1173 1188 rebus
1206 1125 1347 1212 corporis

213 1230 342 1295 humani
393 1232 514 1321 species
567 1230 799 1316 quodammodo
856 1230 986 1320 attribui
1037 1230 1131 1312 solet,
1181 1231 1208 1296 si
1261 1253 1347 1296 nunc

214 1340 409 1404 instituerem
458 1348 543 1403 certe
594 1337 716 1401 oleum·
754 1346 787 1402 et
841 1359 970 1424 operam
1025 1335 1159 1426 perdere
1211 1339 1346 1424 viderer,

216 1469 284 1510 cum
341 1447 574 1510 accuratissime
603 1431 667 1509 'illa
721 1444 870 1510 Henseus
923 1446 956 1508 in
1014 1443 1118 1509 indice
1160 1446 1249 1533 operi
1291 1469 1347 1510 suo

215 1553 604 1641 praefixocomposuerit.
650 1552 765 1639 Itaque
794 1552 907 1617 horum
942 1554 995 1618 ubi
1020 1575 1117 1617 unum
1139 1556 1189 1618 vel
1214 1555 1346 1619 alterum

214 1658 248 1724 in
280 1662 454 1747 composito
496 1660 633 1747 epitheta
674 1669 824 1748 apparet,
852 1659 885 1722 id
923 1661 1026 1746 ipsum
1057 1662 1154 1748 priori
1184 1663 1346 1749 personifi-

215 1768 344 1832 cationis
369 1771 478 1852 generi
504 1767 735 1853 adsignandum
761 1769 830 1851 erit,
859 1768 946 1830 velut
972 1755 1182 1854 ἅκρόκομοςε
1213 1758 1347 1834 Theocr.

215 1874 257 1938 id.
272 1876 321 1956 22,
337 1876 375 1938 41
399 1897 407 1938 ε
429 1865 607 1962 ἀκρόκομοι
629 1868 849 1960 κυπάρισσοις
871 1869 1134 1961 στεφανοφόροςε
1157 1879 1346 1942 Anacreont.

217 1984 267 2065 56,
292 1985 308 2047 1
332 2006 339 2045 :
361 1976 608 2069 στεφανοφόρου
627 1987 698 2059 μετ’
718 1975 812 2068 tipum
833 1975 1032 2072 ὑψικάρηνος
1052 2007 1060 2046 z
1080 1983 1175 2049 Hom.
1195 1985 1320 2050 111132
1340 2007 1347 2048 :

218 2081 313 2173 δρύες
345 2084 554 2178 ὑψικάρηνοις
587 2083 796 2177 πολυπλαιής
818 2113 825 2153 :
847 2091 981 2156 Marian.
1003 2093 1038 2175 3,
1060 2093 1080 2157 2
1102 2091 1186 2174 (Jac.
1209 2092 1307 2157 Anth.
1329 2094 1349 2157 3

219 2221 249 2284 p.
282 2197 357 2283 212)
380 2221 388 2261 :
410 2193 629 2274 πολυπλανὲος
658 2189 821 2282 καμάτου,
851 2199 964 2284 quibua
985 2198 1160 2287 Euripides
1180 2199 1298 2264 adicias
1318 2201 1349 2261 in

220 2308 239 2385 ξ
258 2306 278 2368 2
298 2328 317 2369 a
338 2305 429 2370 uobis
446 2306 514 2391 jam
535 2305 673 2370 laudata.

300 2399 447 2478 Alterum
461 2435 562 2498 genus
577 2412 870 2501 personificationis,
893 2436 974 2500 quae
989 2413 1024 2476 fit
1044 2413 1189 2500 epithetis
1210 2403 1348 2500 εὔφρων,

223 2513 366 2606 εὐμενής,
390 2511 567 2607 α’νόλγητος
589 2521 740 2586 similibus
751 2530 770 2604 ,'
783 2522 835 2586 vix
857 2544 935 2609 opus
955 2521 1080 2586 videtur
1111 2522 1264 2608 exemplis
1285 2521 1351 2585 illu-

223 2638 338 2712 strare,
371 2653 443 2694 nam
464 2639 575 2715 postea
594 2631 639 2693 ita
659 2651 726 2694 rem
741 2631 919 2709 instituam,
951 2637 986 2693 ut
1004 2631 1088 2693 intra
1101 2627 1240 2715 singulas
1261 2651 1350 2715 para·

221 2737 359 2823 graphos
371 2759 429 2825 pro
444 2737 654 2823 epithetorum
668 2736 855 2800 formatione
870 2736 968 2801 factas
989 2737 1085 2822 priori
1100 2739 1226 2822 semper
1240 2737 1350 2822 generi

220 2845 353 2908 alterum
374 2847 478 2909 statim
499 2843 680 2930 adjungam.

302 2950 437 3034 Restat,
459 2961 493 3015 ut
515 2952 553 3015 de
576 2950 705 3016 deorum
726 2953 871 3040 epithetis
894 2975 996 3038 pauca
1016 2950 1148 3034 addam3
1169 2952 1248 3016 haec
1268 2951 1349 3015 enim

222 3080 292 3122 cum
314 3060 404 3123 uobis
426 3069 602 3123 ceterorum
624 3060 726 3123 statim
756 3057 1053 3146 ,deacra'ptr'aormffl
1076 3067 1107 3122 et
1132 3057 1348 3145 ,maeotium‘

221 3166 411 3230 multitudini
434 3167 572 3232 inserere
593 3169 696 3230 visum
718 3169 775 3250 ait,
805 3166 954 3232 Heuseus
985 3161 1115 3254 'quidem
1136 3165 1213 3253 ipsis
1242 3186 1350 3252 perso·

221 3273 408 3339 nificationis
423 3275 575 3362 exemplis
591 3273 787 3339 adnumerat.
822 3271 927 3339 Causa
950 3297 1006 3339 cur
1019 3275 1078 3338 hac
1098 3275 1130 3336 in
1151 3295 1187 3337 re
1207 3271 1247 3337 ab
1268 3273 1351 3336 illius

219 3383 404 3474 auctoritate
425 3381 649 3446 recesserimus
677 3381 709 3444 in
732 3404 769 3446 eo
792 3391 840 3446 est
860 3383 983 3469 posita,
1018 3379 1104 3467 quod
1126 3401 1206 3466 quae
1228 3389 1351 3444 veteres

222 3490 282 3552 sibi
311 3491 407 3576 vulgo
438 3489 602 3574 fingebant
633 3488 762 3554 deorum
784 3491 991 3574 cogitationes
1037 3497 1102 3552 tam
1133 3487 1224 3552 firme
1245 3508 1351 3551 eorum

223 3597 333 3660 animis
354 3606 504 3683 tanquam
519 3596 682 3661 numinum
695 3595 865 3660 humanam
885 3597 1018 3681 figuram
1033 3595 1215 3660 habentium
1237 3593 1352 3658 infixae

223 3713 328 3785 erant,
350 3713 403 3786 ut,
426 3705 453 3767 si
474 3703 633 3790 epitheton
655 3703 695 3767 ab
715 3701 850 3767 hominis
873 3724 1004 3791 corpore
1023 3704 1075 3767 vel
1097 3704 1201 3767 animo
1223 3701 1351 3788 proprie

222 3810 389 3896 repetitum
410 3811 467 3876 illis
489 3811 716 3894 attribuerent,
749 3809 787 3873 de
820 3833 896 3874 vera
917 3810 1189 3897 personificatione
1214 3831 1266 3874 me
1287 3809 1354 3893 qui·

226 3914 297 3981 dem
321 3917 429 4003 judice
458 3921 511 3984 vix
535 3919 604 4004 jam
631 3920 816 4004 cogitarent
857 3917 910 3983 Ab
941 3919 1002 3985 hac
1031 3919 1127 4003 igitur
1146 3925 1238 4003 parte
1260 3917 1366 3988 etiam·

223 4033 332 4109 poeta,
368 4027 510 4112 quisquis
542 4036 612 4109 cst,
645 4047 664 4089 a
694 4025 974 4112 personificationis
1005 4024 1108 4090 studio
1140 4024 1261 4090 ahenas
1291 4025 1354 4089 exi·

224 4133 394 4197 stimandus
415 4133 548 4199 videtur.

224 4403 282 4452 aiu
309 4401 410 4455 turam
433 4406 620 4473 antepriapende
647 4405 780 4474 recubu
804 4405 974 4466 manacta,
999 4405 1055 4455 aad
1080 4403 1285 4472 poerouifior'nnd
1311 4405 1361 4469 ms

225 4469 635 4610 dtffdbqbbdezeiddifflm'
653 4476 779 4526 abstracte
796 4473 901 4542 Bepn'ffc
925 4474 977 4538 aad
994 4474 1167 4526 muhaniae&
1187 4472 1356 4542 ocymum
