3072 5278
600 592 803 657 ..31-

125 785 165 842 ut
181 776 247 842 loeo
262 771 433 842 Homerico
448 775 493 859 (Γ
501 773 558 858 40)
581 797 588 838 :
609 774 683 841 αἴθ’
702 769 820 860 ὄφελες
848 767 960 860 ἄγονός
976 770 1117 858 τ’ἔμενοι
1127 825 1136 857 ‚
1159 777 1266 842 velot:

123 908 193 950 non
210 884 350 972 pssum,
371 881 512 947 noudum
532 895 644 965 nutus,
674 903 770 968 quem
800 905 927 948 sonsum
959 907 979 948 s
1007 893 1115 949 nosuo
1136 883 1265 969 quidem

121 991 196 1056 loeo
226 991 362 1056 alionum
395 1011 464 1054 osse
487 1013 505 1056 e
525 1011 624 1056 eausa
644 988 746 1054 oluoet
766 990 861 1055 modo
887 989 1043 1075 indiesta3
1072 999 1126 1056 aut
1147 989 1266 1077 signifi-

122 1107 180 1164 cst
199 1122 207 1162 ε
228 1098 346 1164 stors'lu's
369 1097 524 1183 (Hesyoh.
557 1121 580 1161 ν.
611 1119 641 1160 ν.
665 1097 828 1185 explieat:
851 1092 990 1176 ἄτεκνος,
1012 1091 1181 1182 ἄκαρπος,
1204 1091 1267 1163 ἅσ-

122 1204 254 1292 πορος),
275 1227 358 1292 quae
380 1207 466 1270 notio
488 1205 538 1270 vel
554 1206 671 1293 optime
691 1206 731 1270 ad
747 1206 973 1271 sententiarum
989 1227 1145 1271 conexum
1167 1205 1267 1292 quud-

123 1323 220 1394 ruret,
241 1314 266 1378 si
288 1304 391 1400 α’γόνῳ
414 1315 522 1378 liosrot
544 1313 691 1378 seribere.
736 1311 801 1380 ssd
821 1314 894 1379 huie
907 1315 1011 1380 hiatus
1033 1313 1160 1380 obstare
1181 1313 1265 1378 vids·

122 1433 181 1486 tur
199 1413 315 1506 (α’γόνφ
335 1409 498 1488 Ἀπόλλων
519 1420 600 1503 κτλ)
632 1418 723 1499 Quae
746 1444 818 1486 oum
838 1421 883 1485 itu
904 1423 970 1485 sint
990 1421 1096 1486 faeere
1117 1445 1180 1486 non
1195 1445 1265 1510 pos·

122 1553 212 1613 sum,
233 1533 309 1616 quin
331 1553 389 1617 pro
411 1530 664 1597 antecedentium
682 1527 853 1595 vorborum
876 1530 954 1614 πρὶν
985 1525 1034 1604 εἷς
1054 1535 1129 1613 φῶς
1148 1521 1267 1614 μησρὸς

122 1634 163 1702 ἐκ
183 1639 271 1724 γονῆς
290 1636 403 1718 μολεῖν
423 1639 706 1724 interpretamento
720 1635 797 1700 illud
812 1628 926 1720 ἄγονον
946 1637 1081 1702 habeam
1100 1660 1119 1702 a
1139 1637 1265 1701 librario

125 1747 317 1831 nescioquo
351 1755 461 1832 postea
483 1743 618 1831 adjecto.
662 1745 761 1810 Aliud
783 1745 880 1827 igitur
908 1744 1096 1809 vocabulum
1118 1747 1151 1809 in
1172 1744 1266 1830 hujus

123 1854 228 1918 locum
238 1853 492 1917 substituendum
507 1854 582 1936 erit;
606 1851 753 1938 equidem
768 1852 915 1938 quonism
933 1853 1062 1917 meliora
1078 1874 1138 1915 non
1155 1853 1266 1936 habeo,

124 1964 344 2050 proposuerim
376 1984 384 2024 τ
416 1951 450 2025 ὅν
470 2009 631 2028 ......
653 1958 766 2042 μολεῖν
796 1954 914 2035 ὁθεός
957 1953 1126 2024 Ἀπόλλων
1169 1960 1267 2046 Λαίῳ

123 2059 160 2150 μ’
174 2065 332 2135 ἐθέσπισε
353 2070 453 2158 φονέα
472 2068 629 2153 γενέσθαι
656 2059 788 2155 πατρὸς.
812 2068 1006 2158 Nugatorias
1028 2079 1134 2134 autem
1157 2068 1267 2134 videus

126 2199 245 2264 quaeso
275 2177 511 2242 scholiastarum
534 2175 761 2263 explicationes
784 2176 855 2240 huio
886 2187 919 2240 et
933 2177 1130 2240 antecedenti
1162 2179 1267 2242 versui

125 2285 268 2367 additas,
300 2286 454 2370 equibus
482 2283 549 2370 jam
583 2283 652 2347 illos
685 2286 780 2348 totius
812 2282 872 2346 loci
902 2306 1029 2347 sensum
1062 2307 1172 2370 parum
1195 2306 1266 2371 por·

126 2395 266 2480 spexisse
282 2395 357 2458 satis
374 2391 480 2478 liquet.
505 2429 539 2439 -
564 2391 616 2454 De
633 2389 710 2455 Her.
724 2391 784 2455 fur.
801 2391 880 2456 888*
895 2390 934 2456 of.
952 2396 972 2474 ξ
987 2393 1035 2456 77.
1058 2429 1097 2440 -
1119 2386 1266 2473 ὅμοχοςε

128 2505 223 2568 Rhes.
244 2503 305 2568 456
328 2490 456 2586 φθόνον
477 2491 610 2581 ἄμαχον.
636 2536 670 2546 -
694 2489 892 2586 α’πρόσειλος
914 2498 976 2584 frg.
998 2499 1077 2582 8423
1110 2499 1192 2564 hano
1213 2521 1267 2564 vo·

126 2634 196 2676 cem
218 2610 397 2698 Hesychius
419 2609 510 2674 nobis
533 2609 680 2687 servavit,
704 2609 756 2696 qui
774 2607 912 2696 oxplioat
934 2631 941 2671 :
964 2597 1121 2690 ᾦοῦδείς
1134 2627 1268 2693 προσοι-

126 2719 230 2783 λεῖπον
237 2767 246 2801 ,
276 2707 349 2782 ἄλλ’
369 2712 495 2790 ἐυθὲως
526 2713 653 2782 πίπτει.
672 2754 715 2768 -
735 2707 925 2800 ἀσύμφορος
947 2737 954 2778 :
977 2714 1038 2800 frg.
1064 2715 1122 2779 184
1143 2719 1270 2796 μοῦσαν

126 2819 328 2912 ἀσύμφορον.
341 2863 375 2874 -
389 2819 601 2910 ἄπρόσφορος
608 2823 641 2889 J.
651 2824 771 2887 4287*
782 2819 897 2909 νήσους
905 2813 1081 2903 ναυβάταις
1097 2810 1269 2908 ἀπροσφό-

127 2936 302 3022 ρονς,φοοᾱ
313 2933 481 3020 explicant,
494 2933 595 3019 inquit
607 2931 803 2998 Sohirlitzius
813 2932 847 3016 ¹),
860 2933 1133 3014 inconvenientes3
1145 2931 1200 2994 sod
1214 2951 1267 2996 ne-

126 3045 192 3108 seio
213 3067 254 3107 an
280 3043 342 3106 sint
362 3041 503 3123 insulse,
536 3039 575 3104 ud
599 3061 677 3125 quus
699 3040 826 3123 navigia
857 3061 920 3103 non
943 3038 1017 3102 lioet
1038 3037 1207 3124 appellere.
1227 3073 1269 3084 -

126 3139 227 3238 a'pysic
252 3175 316 3216 οοσ
338 3149 488 3214 laborans
510 3172 517 3212 z
540 3145 589 3211 ΕΙ.
611 3147 668 3232 80;
703 3145 776 3211 Hel.
798 3147 877 3230 7563
908 3147 941 3213 J.
962 3147 1003 3210 A.
1036 3146 1116 3210 1000
1135 3137 1269 3229 στρατὸς

126 3255 229 3345 α’ργός
256 3251 302 3324 ὢν
331 3259 395 3322 τοῖν
416 3247 545 3322 οἰκόθεν
578 3255 632 3338 (cf.
656 3254 771 3318 Ausoh.
801 3253 890 3340 Sept.
912 3255 969 3318 411
995 3247 1139 3336 αἰσχρῶν
1170 3246 1270 3335 α’ργδς

127 3361 209 3434 εἶναι
242 3366 368 3454 φιλεῦς
400 3365 475 3431 Jon.
498 3365 578 3448 3373
611 3363 730 3428 Phoen.
756 3362 850 3444 13873
886 3359 945 3444 frg.
971 3359 1268 3444 184,18714,324,

127 3479 206 3558 516,
248 3477 353 3553 55614.
386 3509 421 3523 -
455 3468 575 3548 ἄσυλος
614 3495 621 3534 :
666 3469 749 3534 Mod.
791 3469 851 3535 387
893 3469 948 3554 γῆν
988 3459 1103 3532 ἄσυλον
1152 3481 1269 3532 terram

128 3599 226 3651 tutum
245 3586 389 3672 (proprio
410 3607 418 3646 ε
441 3593 567 3662 terrum,
589 3583 622 3644 in
643 3601 706 3665 que
720 3577 864 3665 populari
887 3577 1075 3664 permissum
1098 3597 1162 3638 non
1185 3579 1266 3657 ost);

128 3692 242 3759 deinde
263 3714 341 3758 vero
364 3693 492 3754 omuino
514 3689 705 3775 integritatis
727 3688 812 3751 notio
828 3687 967 3773 epitheto
983 3687 1072 3766 inest,
1095 3683 1179 3768 quod
1198 3705 1269 3769 pro-

129 3801 221 3868 betur
241 3799 314 3864 Hel.
347 3797 403 3881 61,
429 3798 524 3880 15873
557 3795 641 3860 Med.
675 3797 744 3861 728.
771 3831 805 3841 -
829 3787 1023 3868 ‹ionovdocz
1051 3790 1117 3854 Alc.
1139 3790 1202 3854 424
1221 3795 1270 3874 τῷ

127 3903 276 3973 κάτωθεν
323 3894 479 3989 α’σπόνδφ
523 3907 599 3988 θεοῖ
645 3927 776 3989 quocum
815 3901 933 3988 foedus
979 3897 1106 3985 percuti
1153 3898 1268 3984 νισφινό,

129 4015 331 4104 implacabili·
335 4039 343 4100 3
372 4013 412 4076 ef.
435 4013 485 4078 El.
507 4014 576 4077 905.
601 4049 636 4059 —
661 4005 776 4085 ἄτοκος
797 4032 877 4095 quas
894 4021 1023 4095 partum
1044 4005 1182 4071 nondum
1203 4003 1268 4069 eds·-

131 4127 177 4196 de
197 4152 205 4192 ε
227 4127 277 4192 Ei.
302 4123 381 4190 1127
413 4115 534 4196 ἄτονος
554 4107 620 4184 οὗσ’
651 4117 685 4183 ἐν
710 4123 759 4202 τῷ
779 4109 895 4202 πάρος.
920 4151 954 4165 -
979 4109 1105 4202 ἄταφος
1127 4137 1134 4178 :
1157 4111 1269 4200 Suppl.

130 4237 207 4302 282·
239 4224 386 4319 ἀτάφους
414 4228 541 4306 παῖδας
568 4226 608 4292 of.
637 4249 667 4290 v.
688 4227 768 4309 5403
800 4224 919 4290 Troud.
954 4223 1070 4306 1313*;
1107 4221 1186 4288 Hes
1218 4221 1268 4288 ³0.

200 4459 220 4528 ¹)
236 4459 255 4510 l.
270 4474 294 4510 ο.
312 4473 336 4524 p.
355 4458 397 4508 60.
