3030 5266
550 532 770 594 -111-·

94 705 288 796 ὁμόλεκτρος
317 737 506 778 communem
535 738 605 780 oum
635 714 734 780 altero
766 727 866 780 torum
897 713 1044 780 lobene:
1079 711 1135 778 Or.
1167 713 1228 779 476

1 899 2 904 ¹
94 810 635 905 zquoo‘pdiaxcoovsdpa1);sio
657 819 862 907 Tyndareum
883 820 1048 886 Menelaus
1071 821 1228 907 appellst3

95 925 137 990 er.
167 947 196 990 v.
227 927 296 994 soe.
320 965 355 976 -
379 919 540 1013 ὁμόφυλος
571 927 701 1014 (otto)
724 950 732 991 :
755 926 832 992 no.
865 929 925 994 fur.
957 928 1056 994 mooe
1088 929 1168 1013 (ee).
1191 963 1225 978 -

1 1049 2 1056 ’
94 1025 233 1114 ὅμαιμος
253 1031 381 1120 (cipue)
405 1059 413 1100 z
435 1035 491 1102 Or.
513 1037 575 1102 674
594 1031 718 1121 πατρὸς
737 1028 855 1116 ὅμαιμε
879 1039 954 1100 θεῖε
974 1036 1013 1100 of.
1035 1036 1097 1121 frg.
1118 1038 1228 1120 519st5

96 1142 280 1206 substantivi
301 1153 407 1230 portes
428 1139 574 1225 ὁμαίμων
597 1143 726 1230 suscipit
746 1144 780 1210 J.
803 1141 841 1208 T.
865 1143 945 1210 1402
965 1154 997 1208 et
1019 1142 1074 1209 Or.
1096 1143 1167 1208 684.

537 1457 783 1466 —————

557 1717 678 1804 OAP.
709 1719 763 1803 ΙΙ.

465 1941 623 2028 Epitheta
644 1939 855 2029 descriptiva„

177 2125 265 2206 539.
307 2124 453 2188 Abusnm
481 2145 534 2188 me
565 2145 637 2188 esse
667 2125 817 2211 patientia
848 2147 906 2189 sus
933 2145 1035 2211 paene
1055 2145 1168 2190 vereor
1187 2146 1228 2188 ne

100 2229 222 2317 longam
228 2253 334 2295 meam
346 2230 633 2317 „necessarior-off
647 2233 761 2296 seriem
772 2231 973 2317 perlegentes
985 2253 1055 2294 cum
1067 2231 1227 2296 stomacho

100 2337 348 2404 exclamaverint.
392 2339 437 2403 Et
465 2338 661 2403 mehercule!
690 2338 837 2428 equidem
857 2339 911 2402 vix
931 2337 1042 2415 habeo,
1063 2359 1126 2422 quo
1147 2338 1228 2424 ejus

100 2445 181 2510 modi
201 2447 318 2510 crimen
339 2447 530 2533 propulsem.
573 2448 723 2509 Attamen
749 2467 790 2508 ex
809 2445 880 2532 ipsa
900 2444 1033 2508 sonasse
1054 2446 1227 2509 necessari·

100 2571 183 2616 erum
204 2563 316 2618 natura
335 2553 472 2638 aliquem
501 2562 645 2640 repetere
666 2552 740 2616 lieet
761 2552 1007 2616 excusationem.
1047 2550 1133 2616 Nam
1151 2575 1226 2639 pars

99 2657 215 2724 illorum
237 2663 375 2726 maxima
395 2683 466 2726 cum
480 2669 564 2726 esset
578 2683 598 2726 a
610 2661 734 2747 poetico
750 2659 877 2724 dicendi
896 2681 1015 2745 genere
1027 2660 1226 2746 alienissima,

100 2767 180 2832 nulls
198 2769 266 2833 fere
286 2769 496 2856 explicatione
517 2790 614 2854 egere
634 2770 705 2854 ipsa
719 2767 915 2832 videbantur.
945 2767 1067 2853 Itaque,
1088 2790 1129 2832 ne
1143 2767 1227 2831 ultra

100 2874 222 2940 modum
252 2876 333 2940 liaeo
364 2876 586 2939 commentatio
608 2873 848 2962 extenderetur,
881 2875 1033 2961 optimum
1053 2875 1157 2938 visum
1177 2882 1227 2938 est

100 2983 229 3068 catalogi
259 2984 359 3048 instar
388 2990 487 3046 totum
527 2981 743 3067 exemplorum
770 2979 914 3044 ordinem
948 3001 1135 3067 proponere.
1172 2982 1225 3047 Ab

99 3087 153 3154 hac
172 3090 269 3176 igitur
287 3097 395 3178 parte,
428 3090 576 3176 quonism
604 3109 714 3153 omnes
741 3089 877 3174 catologi
897 3087 1131 3174 qualescunque
1152 3099 1227 3154 sunt
1361 3160 1370 3182 θ

100 3197 231 3261 taedium
280 3197 416 3272 efferunt
460 3199 504 3261 eis
538 3197 593 3282 qui
635 3195 766 3282 legunt,
808 3198 928 3260 crimen
958 3195 1036 3260 illud
1069 3207 1155 3260 reete
1191 3218 1225 3260 se

99 3301 211 3369 habere
230 3305 364 3370 libenter
384 3304 533 3370 concedo.

176 3436 251 3503 dam
272 3459 348 3502 vero
369 3438 493 3501 veniam
516 3459 567 3501 me
589 3457 657 3501 csse
680 3437 720 3500 ab
743 3457 781 3500 eo
801 3436 1039 3523 impetraturum
1059 3455 1150 3522 spero
1172 3436 1226 3521 qui

99 3553 213 3610 ceteras
245 3543 384 3633 opusculi
415 3544 584 3630 particulas
615 3543 796 3631 perlegerit.
838 3543 879 3608 In
901 3543 949 3606 his
971 3544 1054 3606 enim
1088 3543 1120 3606 in
1142 3563 1225 3606 cam·

98 3670 168 3734 pum
195 3650 426 3739 quodammodo
458 3649 694 3735 descendimus,
725 3652 758 3715 in
792 3671 855 3736 quo
886 3648 1023 3714 ostendit
1054 3647 1225 3735 Euripides

99 3761 244 3824 sermonis
264 3759 380 3847 poetici
399 3758 635 3846 magnificentia
665 3779 703 3823 ae
734 3759 897 3846 granditas
929 3765 1081 3845 quantum
1112 3757 1225 3842 augeri

100 3868 214 3950 possint
244 3867 389 3954 epithetis
411 3870 606 3955 compositis,
640 3887 797 3954 quamque
830 3867 929 3932 libere
961 3863 993 3928 in
1025 3886 1084 3928 usn
1116 3884 1224 3928 eorum

100 3969 220 4040 Graeco
240 3983 353 4062 poetae
373 3976 493 4040 versari
512 3973 605 4042 liceat
624 3975 658 4038 in
679 3983 850 4062 conspectu
869 3971 961 4038 simul
980 3973 1080 4061 ponit.

164 4277 182 4346 ¹)
199 4281 238 4330 De
254 4279 375 4348 pustino
392 4267 559 4330 Kuehnerirm
575 4278 660 4340 adem
678 4279 790 4330 Grumm
809 4280 865 4330 294.
885 4283 906 4328 t.
