<?xml version="1.0" encoding="UTF-8"?>
<!DOCTYPE html PUBLIC "-//W3C//DTD XHTML 1.0 Transitional//EN"
    "http://www.w3.org/TR/xhtml1/DTD/xhtml1-transitional.dtd">
<html xmlns="http://www.w3.org/1999/xhtml" xml:lang="en" lang="en">
 <head>
  <title>
</title>
<meta http-equiv="Content-Type" content="text/html;charset=utf-8" />
  <meta name='ocr-system' content='tesseract 3.04.00' />
  <meta name='ocr-capabilities' content='ocr_page ocr_carea ocr_par ocr_line ocrx_word'/>
</head>
<body>
  <div class='ocr_page' id='page_1' title='image "./deepithetorumco01roemgoog_0109.png"; bbox 0 0 3030 5266; ppageno 0'>
   <div class='ocr_carea' id='block_1_1' title="bbox 743 613 950 679">
    <p class='ocr_par' dir='ltr' id='par_1_1' title="bbox 743 613 950 679">
     <span class='ocr_line' id='line_1_1' title="bbox 743 613 950 679; baseline 0.005 -18"><span class='ocrx_word' id='word_1_1' title='bbox 743 613 950 679; x_wconf 68' lang='lat'>..92-</span> 
     </span>
    </p>
   </div>
   <div class='ocr_carea' id='block_1_2' title="bbox 275 793 1438 1318">
    <p class='ocr_par' dir='ltr' id='par_1_2' title="bbox 275 793 1438 1318">
     <span class='ocr_line' id='line_1_2' title="bbox 277 793 1437 882; baseline 0.001 -25"><span class='ocrx_word' id='word_1_2' title='bbox 277 793 413 858; x_wconf 85' lang='lat' dir='ltr'><strong>formam</strong></span> <span class='ocrx_word' id='word_1_3' title='bbox 428 794 535 860; x_wconf 85' lang='lat' dir='ltr'><strong>suffixi</strong></span> <span class='ocrx_word' id='word_1_4' title='bbox 556 817 591 873; x_wconf 86' lang='grc' dir='ltr'><strong>ες</strong></span> <span class='ocrx_word' id='word_1_5' title='bbox 605 796 756 862; x_wconf 79' lang='lat' dir='ltr'><strong>exhibent</strong></span> <span class='ocrx_word' id='word_1_6' title='bbox 771 797 931 878; x_wconf 85' lang='lat' dir='ltr'><strong>obtusam3</strong></span> <span class='ocrx_word' id='word_1_7' title='bbox 954 803 1066 861; x_wconf 86' lang='lat' dir='ltr'><strong>contra</strong></span> <span class='ocrx_word' id='word_1_8' title='bbox 1082 796 1116 858; x_wconf 93' lang='lat' dir='ltr'><strong>in</strong></span> <span class='ocrx_word' id='word_1_9' title='bbox 1138 794 1323 882; x_wconf 88' lang='lat' dir='ltr'><strong>compositis</strong></span> <span class='ocrx_word' id='word_1_10' title='bbox 1346 816 1437 880; x_wconf 88' lang='lat' dir='ltr'><strong>neg·</strong></span> 
     </span>
     <span class='ocr_line' id='line_1_3' title="bbox 275 901 1438 989; baseline 0 -23"><span class='ocrx_word' id='word_1_11' title='bbox 275 912 357 985; x_wconf 75' lang='lat' dir='ltr'><strong>lecta</strong></span> <span class='ocrx_word' id='word_1_12' title='bbox 368 902 574 989; x_wconf 90' lang='lat' dir='ltr'><strong>productione</strong></span> <span class='ocrx_word' id='word_1_13' title='bbox 595 913 741 970; x_wconf 84' lang='lat' dir='ltr'><strong>servatur</strong></span> <span class='ocrx_word' id='word_1_14' title='bbox 761 903 957 989; x_wconf 81' lang='lat' dir='ltr'><strong>illsintegra.</strong></span> <span class='ocrx_word' id='word_1_15' title='bbox 980 939 1019 954; x_wconf 89' lang='lat'><em>-</em></span> <span class='ocrx_word' id='word_1_16' title='bbox 1044 902 1136 982; x_wconf 83' lang='lat' dir='ltr'><strong>Quae</strong></span> <span class='ocrx_word' id='word_1_17' title='bbox 1148 924 1221 968; x_wconf 91' lang='lat' dir='ltr'><strong>cum</strong></span> <span class='ocrx_word' id='word_1_18' title='bbox 1233 902 1278 968; x_wconf 87' lang='lat' dir='ltr'><strong>ita</strong></span> <span class='ocrx_word' id='word_1_19' title='bbox 1289 903 1355 966; x_wconf 89' lang='lat' dir='ltr'><strong>sint</strong></span> <span class='ocrx_word' id='word_1_20' title='bbox 1370 901 1438 966; x_wconf 87' lang='lat' dir='ltr'><strong>vix</strong></span> 
     </span>
     <span class='ocr_line' id='line_1_4' title="bbox 276 1010 1436 1098; baseline 0 -26"><span class='ocrx_word' id='word_1_21' title='bbox 276 1031 401 1094; x_wconf 87' lang='lat' dir='ltr'><strong>vereor,</strong></span> <span class='ocrx_word' id='word_1_22' title='bbox 423 1033 463 1076; x_wconf 89' lang='lat' dir='ltr'><strong>ne</strong></span> <span class='ocrx_word' id='word_1_23' title='bbox 485 1011 555 1098; x_wconf 92' lang='lat' dir='ltr'><strong>quis</strong></span> <span class='ocrx_word' id='word_1_24' title='bbox 577 1010 699 1076; x_wconf 80' lang='lat' dir='ltr'><strong>crimini</strong></span> <span class='ocrx_word' id='word_1_25' title='bbox 722 1011 797 1077; x_wconf 91' lang='lat' dir='ltr'><strong>mibi</strong></span> <span class='ocrx_word' id='word_1_26' title='bbox 819 1021 933 1094; x_wconf 89' lang='lat' dir='ltr'><strong>vertat,</strong></span> <span class='ocrx_word' id='word_1_27' title='bbox 954 1010 1040 1098; x_wconf 90' lang='lat' dir='ltr'><strong>quod</strong></span> <span class='ocrx_word' id='word_1_28' title='bbox 1060 1011 1134 1075; x_wconf 91' lang='lat' dir='ltr'><strong>huic</strong></span> <span class='ocrx_word' id='word_1_29' title='bbox 1159 1011 1264 1098; x_wconf 87' lang='lat' dir='ltr'><strong>potius</strong></span> <span class='ocrx_word' id='word_1_30' title='bbox 1285 1011 1436 1096; x_wconf 87' lang='lat' dir='ltr'><strong>particu-</strong></span> 
     </span>
     <span class='ocr_line' id='line_1_5' title="bbox 275 1117 1435 1208; baseline 0 -26"><span class='ocrx_word' id='word_1_31' title='bbox 275 1117 325 1182; x_wconf 88' lang='lat' dir='ltr'><strong>lae</strong></span> <span class='ocrx_word' id='word_1_32' title='bbox 357 1139 453 1204; x_wconf 88' lang='lat' dir='ltr'><strong>quam</strong></span> <span class='ocrx_word' id='word_1_33' title='bbox 485 1119 684 1184; x_wconf 76' lang='lat' dir='ltr'><strong>antecedenti</strong></span> <span class='ocrx_word' id='word_1_34' title='bbox 721 1129 890 1208; x_wconf 89' lang='lat' dir='ltr'><strong>utrumque</strong></span> <span class='ocrx_word' id='word_1_35' title='bbox 934 1118 1011 1184; x_wconf 89' lang='lat' dir='ltr'><strong>iliud</strong></span> <span class='ocrx_word' id='word_1_36' title='bbox 1042 1120 1290 1206; x_wconf 89' lang='lat' dir='ltr'><strong>compositorum</strong></span> <span class='ocrx_word' id='word_1_37' title='bbox 1319 1139 1435 1203; x_wconf 87' lang='lat' dir='ltr'><strong>genus</strong></span> 
     </span>
     <span class='ocr_line' id='line_1_6' title="bbox 276 1225 631 1318; baseline -0.003 -27"><span class='ocrx_word' id='word_1_38' title='bbox 276 1226 449 1291; x_wconf 78' lang='lat' dir='ltr'><strong>attribuere</strong></span> <span class='ocrx_word' id='word_1_39' title='bbox 469 1225 631 1318; x_wconf 85' lang='lat' dir='ltr'><strong>placuerit.</strong></span> 
     </span>
    </p>
   </div>
   <div class='ocr_carea' id='block_1_3' title="bbox 275 1532 1433 1706">
    <p class='ocr_par' dir='ltr' id='par_1_3' title="bbox 275 1532 1433 1706">
     <span class='ocr_line' id='line_1_7' title="bbox 275 1532 1433 1621; baseline 0 -23"><span class='ocrx_word' id='word_1_40' title='bbox 275 1534 365 1615; x_wconf 70' lang='lat'><strong>§34</strong></span> <span class='ocrx_word' id='word_1_41' title='bbox 410 1532 618 1620; x_wconf 83' lang='lat' dir='ltr'><strong>Epitheta</strong></span> <span class='ocrx_word' id='word_1_42' title='bbox 647 1555 665 1598; x_wconf 90' lang='lat' dir='ltr'><strong>e</strong></span> <span class='ocrx_word' id='word_1_43' title='bbox 696 1533 855 1599; x_wconf 91' lang='lat' dir='ltr'><strong>duobus</strong></span> <span class='ocrx_word' id='word_1_44' title='bbox 885 1534 1171 1599; x_wconf 72' lang='lat' dir='ltr'><strong>substantivis</strong></span> <span class='ocrx_word' id='word_1_45' title='bbox 1192 1536 1433 1621; x_wconf 88' lang='lat' dir='ltr'><strong>composita</strong></span> 
     </span>
     <span class='ocr_line' id='line_1_8' title="bbox 793 1651 899 1706; baseline 0.009 -1"><span class='ocrx_word' id='word_1_46' title='bbox 793 1651 899 1706; x_wconf 89' lang='lat' dir='ltr'><strong>sunt.</strong></span> 
     </span>
    </p>
   </div>
   <div class='ocr_carea' id='block_1_4' title="bbox 328 1789 1373 1965">
    <p class='ocr_par' dir='ltr' id='par_1_4' title="bbox 328 1789 1373 1965">
     <span class='ocr_line' id='line_1_9' title="bbox 328 1789 1373 1878; baseline 0 -23"><span class='ocrx_word' id='word_1_47' title='bbox 328 1793 356 1855; x_wconf 92' lang='grc'><strong>1.</strong></span> <span class='ocrx_word' id='word_1_48' title='bbox 400 1789 614 1857; x_wconf 65' lang='lat' dir='ltr'><strong>&amp;mundorum</strong></span> <span class='ocrx_word' id='word_1_49' title='bbox 635 1792 839 1857; x_wconf 71' lang='lat' dir='ltr'><strong>menbrorum</strong></span> <span class='ocrx_word' id='word_1_50' title='bbox 870 1792 985 1878; x_wconf 77' lang='lat' dir='ltr'><strong>stirpes</strong></span> <span class='ocrx_word' id='word_1_51' title='bbox 1005 1792 1041 1856; x_wconf 83' lang='grc' dir='ltr'><strong><em>ι’νι</em></strong></span> <span class='ocrx_word' id='word_1_52' title='bbox 1061 1791 1200 1857; x_wconf 75' lang='lat' dir='ltr'><strong>coculam</strong></span> <span class='ocrx_word' id='word_1_53' title='bbox 1233 1791 1373 1857; x_wconf 72' lang='lat' dir='ltr'><strong>litteram</strong></span> 
     </span>
     <span class='ocr_line' id='line_1_10' title="bbox 787 1913 908 1965; baseline -0.008 0"><span class='ocrx_word' id='word_1_54' title='bbox 787 1913 908 1965; x_wconf 72' lang='grc' dir='ltr'><strong><em>ιτιιυνιε.</em></strong></span> 
     </span>
    </p>
   </div>
   <div class='ocr_carea' id='block_1_5' title="bbox 235 2045 1428 4089">
    <p class='ocr_par' dir='ltr' id='par_1_5' title="bbox 235 2045 1428 4089">
     <span class='ocr_line' id='line_1_11' title="bbox 359 2045 1427 2143; baseline -0.002 -22"><span class='ocrx_word' id='word_1_55' title='bbox 359 2045 572 2142; x_wconf 72' lang='grc' dir='ltr'><strong><em>κυανόπτερος</em></strong></span> <span class='ocrx_word' id='word_1_56' title='bbox 601 2055 746 2143; x_wconf 72' lang='lat' dir='ltr'><strong>(arduos)</strong></span> <span class='ocrx_word' id='word_1_57' title='bbox 770 2079 777 2120; x_wconf 92' lang='lat'><strong>:</strong></span> <span class='ocrx_word' id='word_1_58' title='bbox 800 2055 856 2122; x_wconf 90' lang='lat' dir='ltr'><strong>Or.</strong></span> <span class='ocrx_word' id='word_1_59' title='bbox 890 2058 987 2123; x_wconf 84' lang='grc'>1386*</span> <span class='ocrx_word' id='word_1_60' title='bbox 1020 2061 1053 2141; x_wconf 64' lang='lat'><strong>(5</strong></span> <span class='ocrx_word' id='word_1_61' title='bbox 1075 2056 1142 2143; x_wconf 70' lang='lat'><strong>72).</strong></span> <span class='ocrx_word' id='word_1_62' title='bbox 1166 2094 1199 2105; x_wconf 93' lang='lat'>-</span> <span class='ocrx_word' id='word_1_63' title='bbox 1225 2050 1427 2142; x_wconf 82' lang='grc' dir='ltr'><strong><em>λαχνόγυιος,</em></strong></span> 
     </span>
     <span class='ocr_line' id='line_1_12' title="bbox 277 2163 1428 2250; baseline -0.002 -21"><span class='ocrx_word' id='word_1_64' title='bbox 277 2165 453 2230; x_wconf 85' lang='lat' dir='ltr'><strong>certissima</strong></span> <span class='ocrx_word' id='word_1_65' title='bbox 475 2164 598 2230; x_wconf 88' lang='lat' dir='ltr'><strong>Reiskii</strong></span> <span class='ocrx_word' id='word_1_66' title='bbox 621 2165 805 2249; x_wconf 83' lang='lat' dir='ltr'><strong>conjectura</strong></span> <span class='ocrx_word' id='word_1_67' title='bbox 834 2163 874 2229; x_wconf 93' lang='lat' dir='ltr'><strong>ad</strong></span> <span class='ocrx_word' id='word_1_68' title='bbox 896 2163 969 2230; x_wconf 90' lang='lat' dir='ltr'><strong>Hel.</strong></span> <span class='ocrx_word' id='word_1_69' title='bbox 992 2166 1086 2242; x_wconf 85' lang='grc'>378*,</span> <span class='ocrx_word' id='word_1_70' title='bbox 1108 2164 1163 2230; x_wconf 91' lang='lat' dir='ltr'><strong>ubi</strong></span> <span class='ocrx_word' id='word_1_71' title='bbox 1186 2164 1281 2229; x_wconf 91' lang='lat' dir='ltr'><strong>scribi</strong></span> <span class='ocrx_word' id='word_1_72' title='bbox 1302 2163 1354 2229; x_wconf 87' lang='lat' dir='ltr'><strong>ille</strong></span> <span class='ocrx_word' id='word_1_73' title='bbox 1372 2163 1428 2250; x_wconf 89' lang='lat' dir='ltr'><strong>ju·</strong></span> 
     </span>
     <span class='ocr_line' id='line_1_13' title="bbox 277 2264 1428 2362; baseline -0.001 -26"><span class='ocrx_word' id='word_1_74' title='bbox 277 2272 331 2338; x_wconf 87' lang='lat' dir='ltr'><strong>bet</strong></span> <span class='ocrx_word' id='word_1_75' title='bbox 352 2295 359 2336; x_wconf 92' lang='lat'><strong>:</strong></span> <span class='ocrx_word' id='word_1_76' title='bbox 380 2273 500 2362; x_wconf 78' lang='grc' dir='ltr'><strong><em>μορφᾷ</em></strong></span> <span class='ocrx_word' id='word_1_77' title='bbox 518 2276 633 2360; x_wconf 76' lang='grc' dir='ltr'><strong><em>θηρῶν</em></strong></span> <span class='ocrx_word' id='word_1_78' title='bbox 655 2272 847 2360; x_wconf 77' lang='grc' dir='ltr'><em>λαχνογυίων</em></span> <span class='ocrx_word' id='word_1_79' title='bbox 875 2296 933 2361; x_wconf 91' lang='lat' dir='ltr'><strong>pro</strong></span> <span class='ocrx_word' id='word_1_80' title='bbox 954 2267 1056 2356; x_wconf 78' lang='grc' dir='ltr'><strong><em>λάχνα</em></strong></span> <span class='ocrx_word' id='word_1_81' title='bbox 1074 2274 1179 2356; x_wconf 75' lang='grc' dir='ltr'><strong><em>γυίων.</em></strong></span> <span class='ocrx_word' id='word_1_82' title='bbox 1203 2312 1239 2323; x_wconf 92' lang='grc'><strong>-</strong></span> <span class='ocrx_word' id='word_1_83' title='bbox 1264 2264 1428 2356; x_wconf 75' lang='grc' dir='ltr'><strong><em>ἄγραυλος</em></strong></span> 
     </span>
     <span class='ocr_line' id='line_1_14' title="bbox 278 2369 1423 2469; baseline -0.001 -24"><span class='ocrx_word' id='word_1_84' title='bbox 278 2369 391 2467; x_wconf 67' lang='lat' dir='ltr'><strong>(ordiri)</strong></span> <span class='ocrx_word' id='word_1_85' title='bbox 425 2406 537 2469; x_wconf 73' lang='grc' dir='ltr'><strong><em>αηνιιινι</em></strong></span> <span class='ocrx_word' id='word_1_86' title='bbox 566 2406 628 2469; x_wconf 79' lang='lat' dir='ltr'><strong>pro</strong></span> <span class='ocrx_word' id='word_1_87' title='bbox 661 2381 823 2448; x_wconf 76' lang='lat' dir='ltr'><strong>domicilio</strong></span> <span class='ocrx_word' id='word_1_88' title='bbox 853 2382 987 2462; x_wconf 76' lang='lat' dir='ltr'><strong>bodens,</strong></span> <span class='ocrx_word' id='word_1_89' title='bbox 1018 2382 1076 2447; x_wconf 84' lang='lat' dir='ltr'><strong>sub</strong></span> <span class='ocrx_word' id='word_1_90' title='bbox 1109 2380 1183 2448; x_wconf 74' lang='lat' dir='ltr'><strong>dubo</strong></span> <span class='ocrx_word' id='word_1_91' title='bbox 1199 2395 1423 2469; x_wconf 79' lang='lat' dir='ltr'><strong>pernoctans:</strong></span> 
     </span>
     <span class='ocr_line' id='line_1_15' title="bbox 276 2479 1427 2576; baseline 0.001 -24"><span class='ocrx_word' id='word_1_92' title='bbox 276 2488 393 2553; x_wconf 87' lang='lat' dir='ltr'><strong>Bacch.</strong></span> <span class='ocrx_word' id='word_1_93' title='bbox 418 2489 517 2554; x_wconf 83' lang='lat'>1188*</span> <span class='ocrx_word' id='word_1_94' title='bbox 537 2482 605 2576; x_wconf 76' lang='grc' dir='ltr'><strong>θήρ</strong></span> <span class='ocrx_word' id='word_1_95' title='bbox 621 2480 800 2574; x_wconf 71' lang='grc' dir='ltr'><strong><em>ὅγραυλοςς</em></strong></span> <span class='ocrx_word' id='word_1_96' title='bbox 823 2489 863 2554; x_wconf 88' lang='lat' dir='ltr'><strong>cf.</strong></span> <span class='ocrx_word' id='word_1_97' title='bbox 879 2489 931 2554; x_wconf 85' lang='grc' dir='ltr'><strong>ΕΙ.</strong></span> <span class='ocrx_word' id='word_1_98' title='bbox 946 2489 1024 2572; x_wconf 83' lang='grc'><strong>342;</strong></span> <span class='ocrx_word' id='word_1_99' title='bbox 1046 2490 1122 2556; x_wconf 86' lang='lat' dir='ltr'><strong>Jon.</strong></span> <span class='ocrx_word' id='word_1_100' title='bbox 1137 2491 1225 2558; x_wconf 76' lang='grc'>883*</span> <span class='ocrx_word' id='word_1_101' title='bbox 1250 2527 1285 2538; x_wconf 96' lang='grc'>-</span> <span class='ocrx_word' id='word_1_102' title='bbox 1309 2479 1427 2574; x_wconf 73' lang='lat' dir='ltr'><strong>round</strong></span> 
     </span>
     <span class='ocr_line' id='line_1_16' title="bbox 275 2589 1427 2683; baseline 0.001 -23"><span class='ocrx_word' id='word_1_103' title='bbox 275 2617 405 2682; x_wconf 87' lang='grc' dir='ltr'><strong><em>μορφος</em></strong></span> <span class='ocrx_word' id='word_1_104' title='bbox 428 2621 434 2660; x_wconf 92' lang='lat'><strong>:</strong></span> <span class='ocrx_word' id='word_1_105' title='bbox 454 2597 531 2664; x_wconf 77' lang='lat' dir='ltr'><strong>don.</strong></span> <span class='ocrx_word' id='word_1_106' title='bbox 572 2599 667 2663; x_wconf 80' lang='grc'>1261*</span> <span class='ocrx_word' id='word_1_107' title='bbox 699 2601 732 2683; x_wconf 67' lang='grc' dir='ltr'><strong>(ξ</strong></span> <span class='ocrx_word' id='word_1_108' title='bbox 763 2599 827 2678; x_wconf 81' lang='grc'>72).</span> <span class='ocrx_word' id='word_1_109' title='bbox 855 2635 887 2646; x_wconf 86' lang='grc'>-</span> <span class='ocrx_word' id='word_1_110' title='bbox 911 2589 1119 2679; x_wconf 77' lang='grc' dir='ltr'><strong><em>χαλκόπυλος</em></strong></span> <span class='ocrx_word' id='word_1_111' title='bbox 1142 2619 1149 2661; x_wconf 90' lang='lat'>:</span> <span class='ocrx_word' id='word_1_112' title='bbox 1172 2596 1290 2664; x_wconf 88' lang='lat' dir='ltr'><strong>Troad.</strong></span> <span class='ocrx_word' id='word_1_113' title='bbox 1326 2597 1427 2664; x_wconf 89' lang='grc'>1113*</span> 
     </span>
     <span class='ocr_line' id='line_1_17' title="bbox 276 2695 1427 2792; baseline 0.002 -24"><span class='ocrx_word' id='word_1_114' title='bbox 276 2695 478 2784; x_wconf 82' lang='grc' dir='ltr'><strong><em>χαλκόπυλον</em></strong></span> <span class='ocrx_word' id='word_1_115' title='bbox 500 2701 586 2770; x_wconf 72' lang='grc' dir='ltr'><strong><em>θεόν</em></strong></span> <span class='ocrx_word' id='word_1_116' title='bbox 598 2707 634 2789; x_wconf 81' lang='grc'><strong>1).</strong></span> <span class='ocrx_word' id='word_1_117' title='bbox 658 2742 699 2754; x_wconf 92' lang='grc'><strong>-</strong></span> <span class='ocrx_word' id='word_1_118' title='bbox 718 2697 980 2791; x_wconf 82' lang='grc' dir='ltr'><strong><em>γυναικόμορφος</em></strong></span> <span class='ocrx_word' id='word_1_119' title='bbox 1002 2729 1009 2769; x_wconf 90' lang='lat'><strong>:</strong></span> <span class='ocrx_word' id='word_1_120' title='bbox 1032 2705 1147 2776; x_wconf 83' lang='lat' dir='ltr'><strong>Bacch.</strong></span> <span class='ocrx_word' id='word_1_121' title='bbox 1170 2706 1232 2772; x_wconf 82' lang='lat'><strong>855</strong></span> <span class='ocrx_word' id='word_1_122' title='bbox 1252 2696 1364 2792; x_wconf 77' lang='grc' dir='ltr'><strong><em>χρῄζοι</em></strong></span> <span class='ocrx_word' id='word_1_123' title='bbox 1388 2700 1427 2770; x_wconf 78' lang='grc' dir='ltr'><strong>δέ</strong></span> 
     </span>
     <span class='ocr_line' id='line_1_18' title="bbox 276 2804 1421 2903; baseline 0.003 -29"><span class='ocrx_word' id='word_1_124' title='bbox 276 2834 324 2878; x_wconf 90' lang='grc' dir='ltr'><strong>νιν</strong></span> <span class='ocrx_word' id='word_1_125' title='bbox 357 2814 416 2896; x_wconf 80' lang='grc' dir='ltr'><strong>(ια.</strong></span> <span class='ocrx_word' id='word_1_126' title='bbox 439 2811 588 2898; x_wconf 72' lang='grc' dir='ltr'><strong><em>Πενθέα)</em></strong></span> <span class='ocrx_word' id='word_1_127' title='bbox 610 2812 737 2897; x_wconf 78' lang='grc' dir='ltr'><strong><em>γέλωτα</em></strong></span> <span class='ocrx_word' id='word_1_128' title='bbox 769 2811 927 2900; x_wconf 76' lang='grc' dir='ltr'><strong><em>Θηβαίοις</em></strong></span> <span class='ocrx_word' id='word_1_129' title='bbox 947 2810 1066 2903; x_wconf 79' lang='grc' dir='ltr'><em>ὀφλεῖν</em></span> <span class='ocrx_word' id='word_1_130' title='bbox 1086 2804 1360 2901; x_wconf 77' lang='grc' dir='ltr'><strong><em>γυναικόμορφον.</em></strong></span> <span class='ocrx_word' id='word_1_131' title='bbox 1386 2850 1421 2862; x_wconf 91' lang='lat'><em>-</em></span> 
     </span>
     <span class='ocr_line' id='line_1_19' title="bbox 277 2914 1425 3012; baseline 0.003 -28"><span class='ocrx_word' id='word_1_132' title='bbox 277 2920 330 2985; x_wconf 88' lang='lat' dir='ltr'><strong>Ab</strong></span> <span class='ocrx_word' id='word_1_133' title='bbox 362 2919 410 2984; x_wconf 91' lang='lat' dir='ltr'><strong>his</strong></span> <span class='ocrx_word' id='word_1_134' title='bbox 441 2920 643 3007; x_wconf 78' lang='lat' dir='ltr'><strong>segreganda</strong></span> <span class='ocrx_word' id='word_1_135' title='bbox 676 2933 749 2986; x_wconf 87' lang='lat' dir='ltr'><strong>sunt</strong></span> <span class='ocrx_word' id='word_1_136' title='bbox 779 2918 979 3010; x_wconf 74' lang='grc' dir='ltr'><strong><em>λεοντοφυης</em></strong></span> <span class='ocrx_word' id='word_1_137' title='bbox 1013 2914 1138 3012; x_wconf 76' lang='grc' dir='ltr'><strong>(φύη)τ</strong></span> <span class='ocrx_word' id='word_1_138' title='bbox 1171 2921 1289 2986; x_wconf 89' lang='lat' dir='ltr'><strong>Bacch.</strong></span> <span class='ocrx_word' id='word_1_139' title='bbox 1326 2921 1425 2988; x_wconf 88' lang='grc'>1196*</span> 
     </span>
     <span class='ocr_line' id='line_1_20' title="bbox 277 3023 1423 3118; baseline -0.001 -25"><span class='ocrx_word' id='word_1_140' title='bbox 277 3023 379 3114; x_wconf 74' lang='grc' dir='ltr'><strong><em>ἄγραν</em></strong></span> <span class='ocrx_word' id='word_1_141' title='bbox 400 3027 582 3114; x_wconf 79' lang='grc' dir='ltr'><strong><em>λεοντοφυῆ</em></strong></span> <span class='ocrx_word' id='word_1_142' title='bbox 620 3039 668 3114; x_wconf 89' lang='lat' dir='ltr'><strong>et,</strong></span> <span class='ocrx_word' id='word_1_143' title='bbox 703 3031 736 3093; x_wconf 95' lang='lat' dir='ltr'><strong>in</strong></span> <span class='ocrx_word' id='word_1_144' title='bbox 769 3052 831 3116; x_wconf 92' lang='lat' dir='ltr'><strong>quo</strong></span> <span class='ocrx_word' id='word_1_145' title='bbox 853 3031 927 3094; x_wconf 90' lang='lat' dir='ltr'><strong>item</strong></span> <span class='ocrx_word' id='word_1_146' title='bbox 951 3031 1081 3118; x_wconf 82' lang='lat' dir='ltr'><strong>stirpem</strong></span> <span class='ocrx_word' id='word_1_147' title='bbox 1105 3054 1127 3094; x_wconf 94' lang='grc' dir='ltr'><strong><em>α</em></strong></span> <span class='ocrx_word' id='word_1_148' title='bbox 1149 3029 1196 3116; x_wconf 81' lang='grc' dir='ltr'><strong>(η)</strong></span> <span class='ocrx_word' id='word_1_149' title='bbox 1219 3028 1423 3095; x_wconf 84' lang='lat' dir='ltr'><strong>terminatam</strong></span> 
     </span>
     <span class='ocr_line' id='line_1_21' title="bbox 276 3129 1424 3224; baseline 0.002 -23"><span class='ocrx_word' id='word_1_150' title='bbox 276 3136 426 3201; x_wconf 81' lang='lat' dir='ltr'><strong>suffixum</strong></span> <span class='ocrx_word' id='word_1_151' title='bbox 459 3158 493 3212; x_wconf 86' lang='grc' dir='ltr'><strong>ες</strong></span> <span class='ocrx_word' id='word_1_152' title='bbox 524 3137 739 3224; x_wconf 86' lang='lat' dir='ltr'><strong>adsumpsisse</strong></span> <span class='ocrx_word' id='word_1_153' title='bbox 772 3136 932 3222; x_wconf 85' lang='lat' dir='ltr'><strong>videmus,</strong></span> <span class='ocrx_word' id='word_1_154' title='bbox 975 3129 1139 3224; x_wconf 81' lang='grc' dir='ltr'><strong><em>α’νεμώιιης</em></strong></span> <span class='ocrx_word' id='word_1_155' title='bbox 1161 3159 1169 3201; x_wconf 91' lang='lat'>:</span> <span class='ocrx_word' id='word_1_156' title='bbox 1191 3136 1315 3203; x_wconf 90' lang='lat' dir='ltr'><strong>Phoen.</strong></span> <span class='ocrx_word' id='word_1_157' title='bbox 1346 3138 1424 3204; x_wconf 88' lang='grc'>163*</span> 
     </span>
     <span class='ocr_line' id='line_1_22' title="bbox 277 3237 1423 3334; baseline -0.001 -24"><span class='ocrx_word' id='word_1_158' title='bbox 277 3237 559 3334; x_wconf 33' lang='lat' dir='ltr'><strong>&amp;audaeus-“eide</strong></span> <span class='ocrx_word' id='word_1_159' title='bbox 580 3238 702 3333; x_wconf 79' lang='grc' dir='ltr'><strong><em>δρόμον</em></strong></span> <span class='ocrx_word' id='word_1_160' title='bbox 722 3245 859 3333; x_wconf 77' lang='grc' dir='ltr'><strong><em>νεφέλας</em></strong></span> <span class='ocrx_word' id='word_1_161' title='bbox 880 3238 977 3312; x_wconf 74' lang='grc' dir='ltr'><strong><em>ποσὶν</em></strong></span> <span class='ocrx_word' id='word_1_162' title='bbox 997 3237 1196 3328; x_wconf 76' lang='grc' dir='ltr'><strong><em>ἐξανύσαιμι.</em></strong></span> <span class='ocrx_word' id='word_1_163' title='bbox 1240 3242 1423 3310; x_wconf 82' lang='lat' dir='ltr'><strong>Secundam</strong></span> 
     </span>
     <span class='ocr_line' id='line_1_23' title="bbox 235 3341 1423 3443; baseline 0 -25"><span class='ocrx_word' id='word_1_164' title='bbox 235 3341 248 3350; x_wconf 65' lang='grc'><strong>’</strong></span> <span class='ocrx_word' id='word_1_165' title='bbox 277 3354 361 3418; x_wconf 88' lang='lat' dir='ltr'><strong>enim</strong></span> <span class='ocrx_word' id='word_1_166' title='bbox 387 3352 481 3440; x_wconf 86' lang='lat' dir='ltr'><strong>hujus</strong></span> <span class='ocrx_word' id='word_1_167' title='bbox 513 3365 637 3442; x_wconf 87' lang='lat' dir='ltr'><strong>partem</strong></span> <span class='ocrx_word' id='word_1_168' title='bbox 658 3379 677 3420; x_wconf 90' lang='lat' dir='ltr'><strong>a</strong></span> <span class='ocrx_word' id='word_1_169' title='bbox 698 3377 777 3420; x_wconf 91' lang='lat' dir='ltr'><strong>voce</strong></span> <span class='ocrx_word' id='word_1_170' title='bbox 799 3346 1102 3443; x_wconf 48' lang='lat' dir='ltr'><strong>dassQrepeto,</strong></span> <span class='ocrx_word' id='word_1_171' title='bbox 1124 3376 1207 3441; x_wconf 90' lang='lat' dir='ltr'><strong>quae</strong></span> <span class='ocrx_word' id='word_1_172' title='bbox 1227 3354 1306 3419; x_wconf 86' lang='lat' dir='ltr'><strong>latet</strong></span> <span class='ocrx_word' id='word_1_173' title='bbox 1328 3355 1423 3418; x_wconf 89' lang='lat' dir='ltr'><strong>etiam</strong></span> 
     </span>
     <span class='ocr_line' id='line_1_24' title="bbox 276 3452 1422 3550; baseline 0 -25"><span class='ocrx_word' id='word_1_174' title='bbox 276 3463 309 3525; x_wconf 95' lang='lat' dir='ltr'><strong>in</strong></span> <span class='ocrx_word' id='word_1_175' title='bbox 331 3454 482 3550; x_wconf 75' lang='grc' dir='ltr'><strong><em>ποδώκης</em></strong></span> <span class='ocrx_word' id='word_1_176' title='bbox 505 3472 537 3527; x_wconf 88' lang='lat' dir='ltr'><strong>et</strong></span> <span class='ocrx_word' id='word_1_177' title='bbox 557 3452 709 3550; x_wconf 74' lang='grc' dir='ltr'><strong><em>ἆμφὴκης</em></strong></span> <span class='ocrx_word' id='word_1_178' title='bbox 730 3467 763 3548; x_wconf 62' lang='grc' dir='ltr'><strong>(ᾗ</strong></span> <span class='ocrx_word' id='word_1_179' title='bbox 780 3465 846 3541; x_wconf 80' lang='grc'>64).</span> <span class='ocrx_word' id='word_1_180' title='bbox 889 3463 990 3546; x_wconf 88' lang='lat' dir='ltr'><strong>Idem,</strong></span> <span class='ocrx_word' id='word_1_181' title='bbox 1012 3461 1117 3544; x_wconf 86' lang='lat' dir='ltr'><strong>credo,</strong></span> <span class='ocrx_word' id='word_1_182' title='bbox 1140 3462 1337 3531; x_wconf 82' lang='lat' dir='ltr'><strong>Schirlitrius</strong></span> <span class='ocrx_word' id='word_1_183' title='bbox 1354 3463 1422 3550; x_wconf 87' lang='lat' dir='ltr'><strong>jam</strong></span> 
     </span>
     <span class='ocr_line' id='line_1_25' title="bbox 277 3569 1421 3658; baseline 0.001 -25"><span class='ocrx_word' id='word_1_184' title='bbox 277 3569 386 3652; x_wconf 90' lang='lat' dir='ltr'><strong>sensit,</strong></span> <span class='ocrx_word' id='word_1_185' title='bbox 408 3570 528 3658; x_wconf 87' lang='lat' dir='ltr'><strong>qnippe</strong></span> <span class='ocrx_word' id='word_1_186' title='bbox 550 3573 605 3658; x_wconf 93' lang='lat' dir='ltr'><strong>qui</strong></span> <span class='ocrx_word' id='word_1_187' title='bbox 626 3572 706 3655; x_wconf 91' lang='lat' dir='ltr'><strong>loco,</strong></span> <span class='ocrx_word' id='word_1_188' title='bbox 729 3592 792 3658; x_wconf 90' lang='lat' dir='ltr'><strong>quo</strong></span> <span class='ocrx_word' id='word_1_189' title='bbox 808 3571 860 3636; x_wconf 88' lang='lat' dir='ltr'><strong>iila</strong></span> <span class='ocrx_word' id='word_1_190' title='bbox 875 3573 1082 3656; x_wconf 84' lang='lat' dir='ltr'><strong>enumeravit,</strong></span> <span class='ocrx_word' id='word_1_191' title='bbox 1105 3572 1180 3636; x_wconf 88' lang='lat' dir='ltr'><strong>satis</strong></span> <span class='ocrx_word' id='word_1_192' title='bbox 1194 3570 1384 3634; x_wconf 90' lang='lat' dir='ltr'><strong>indicaverit</strong></span> <span class='ocrx_word' id='word_1_193' title='bbox 1395 3570 1421 3652; x_wconf 80' lang='lat'><strong>²)</strong></span> 
     </span>
     <span class='ocr_line' id='line_1_26' title="bbox 278 3677 1421 3746; baseline 0 -6"><span class='ocrx_word' id='word_1_194' title='bbox 278 3677 511 3744; x_wconf 89' lang='lat' dir='ltr'><strong>substantivum</strong></span> <span class='ocrx_word' id='word_1_195' title='bbox 533 3701 568 3743; x_wconf 92' lang='lat' dir='ltr'><strong>se</strong></span> <span class='ocrx_word' id='word_1_196' title='bbox 590 3679 741 3744; x_wconf 89' lang='lat' dir='ltr'><strong>membris</strong></span> <span class='ocrx_word' id='word_1_197' title='bbox 775 3701 886 3745; x_wconf 89' lang='lat' dir='ltr'><strong>eorum</strong></span> <span class='ocrx_word' id='word_1_198' title='bbox 908 3678 1056 3746; x_wconf 87' lang='lat' dir='ltr'><strong>secundis</strong></span> <span class='ocrx_word' id='word_1_199' title='bbox 1088 3678 1218 3743; x_wconf 87' lang='lat' dir='ltr'><strong>subesse</strong></span> <span class='ocrx_word' id='word_1_200' title='bbox 1241 3677 1421 3743; x_wconf 83' lang='lat' dir='ltr'><strong>existimare</strong></span> 
     </span>
     <span class='ocr_line' id='line_1_27' title="bbox 277 3777 1421 3874; baseline 0.002 -27"><span class='ocrx_word' id='word_1_201' title='bbox 277 3806 337 3848; x_wconf 92' lang='lat' dir='ltr'><strong>nee</strong></span> <span class='ocrx_word' id='word_1_202' title='bbox 358 3807 451 3870; x_wconf 90' lang='lat' dir='ltr'><strong>vero,</strong></span> <span class='ocrx_word' id='word_1_203' title='bbox 484 3796 518 3851; x_wconf 92' lang='lat' dir='ltr'><strong>ut</strong></span> <span class='ocrx_word' id='word_1_204' title='bbox 551 3795 644 3851; x_wconf 90' lang='lat' dir='ltr'><strong>antea</strong></span> <span class='ocrx_word' id='word_1_205' title='bbox 666 3787 868 3871; x_wconf 85' lang='lat' dir='ltr'><strong>sumebatur,</strong></span> <span class='ocrx_word' id='word_1_206' title='bbox 892 3785 1083 3874; x_wconf 81' lang='lat' dir='ltr'><strong>adjectivum</strong></span> <span class='ocrx_word' id='word_1_207' title='bbox 1104 3777 1199 3862; x_wconf 75' lang='grc' dir='ltr'><strong><em>ὠκύς.</em></strong></span> <span class='ocrx_word' id='word_1_208' title='bbox 1241 3783 1310 3852; x_wconf 83' lang='lat' dir='ltr'><strong>Sed</strong></span> <span class='ocrx_word' id='word_1_209' title='bbox 1330 3785 1421 3874; x_wconf 87' lang='lat' dir='ltr'><strong>quale</strong></span> 
     </span>
     <span class='ocr_line' id='line_1_28' title="bbox 277 3892 1420 3979; baseline 0 -23"><span class='ocrx_word' id='word_1_210' title='bbox 277 3893 317 3956; x_wconf 88' lang='lat' dir='ltr'><strong>sit</strong></span> <span class='ocrx_word' id='word_1_211' title='bbox 345 3892 422 3957; x_wconf 91' lang='lat' dir='ltr'><strong>illud</strong></span> <span class='ocrx_word' id='word_1_212' title='bbox 454 3893 688 3959; x_wconf 89' lang='lat' dir='ltr'><strong>substantivum</strong></span> <span class='ocrx_word' id='word_1_213' title='bbox 720 3915 784 3959; x_wconf 93' lang='lat' dir='ltr'><strong>non</strong></span> <span class='ocrx_word' id='word_1_214' title='bbox 807 3894 945 3959; x_wconf 90' lang='lat' dir='ltr'><strong>ostendit</strong></span> <span class='ocrx_word' id='word_1_215' title='bbox 977 3895 1027 3960; x_wconf 90' lang='lat' dir='ltr'><strong>vir</strong></span> <span class='ocrx_word' id='word_1_216' title='bbox 1059 3892 1267 3958; x_wconf 90' lang='lat' dir='ltr'><strong>doctissimus.</strong></span> <span class='ocrx_word' id='word_1_217' title='bbox 1310 3892 1420 3979; x_wconf 88' lang='lat' dir='ltr'><strong>Itaque</strong></span> 
     </span>
     <span class='ocr_line' id='line_1_29' title="bbox 278 3989 1420 4089; baseline -0.001 -25"><span class='ocrx_word' id='word_1_218' title='bbox 278 3999 319 4064; x_wconf 92' lang='lat' dir='ltr'><strong>ab</strong></span> <span class='ocrx_word' id='word_1_219' title='bbox 352 3989 413 4088; x_wconf 72' lang='grc' dir='ltr'><strong>αἰνή</strong></span> <span class='ocrx_word' id='word_1_220' title='bbox 446 4003 473 4070; x_wconf 92' lang='lat' dir='ltr'><strong>si</strong></span> <span class='ocrx_word' id='word_1_221' title='bbox 502 4023 578 4066; x_wconf 88' lang='lat' dir='ltr'><strong>vere</strong></span> <span class='ocrx_word' id='word_1_222' title='bbox 592 4068 596 4078; x_wconf 60' lang='grc'>,</span> <span class='ocrx_word' id='word_1_223' title='bbox 609 4001 662 4066; x_wconf 89' lang='lat' dir='ltr'><strong>ills</strong></span> <span class='ocrx_word' id='word_1_224' title='bbox 694 4002 839 4089; x_wconf 88' lang='lat' dir='ltr'><strong>profecta</strong></span> <span class='ocrx_word' id='word_1_225' title='bbox 861 4011 935 4068; x_wconf 88' lang='lat' dir='ltr'><strong>sunt</strong></span> <span class='ocrx_word' id='word_1_226' title='bbox 967 4023 1079 4067; x_wconf 90' lang='lat' dir='ltr'><strong>sensus</strong></span> <span class='ocrx_word' id='word_1_227' title='bbox 1112 4008 1160 4066; x_wconf 90' lang='lat' dir='ltr'><strong>est</strong></span> <span class='ocrx_word' id='word_1_228' title='bbox 1181 4000 1420 4088; x_wconf 85' lang='lat' dir='ltr'><strong>epithetorum:</strong></span> 
     </span>
    </p>
   </div>
   <div class='ocr_carea' id='block_1_6' title="bbox 324 4299 1420 4404">
    <p class='ocr_par' dir='ltr' id='par_1_6' title="bbox 324 4299 1420 4404">
     <span class='ocr_line' id='line_1_30' title="bbox 324 4299 1420 4404; baseline 0.008 -50"><span class='ocrx_word' id='word_1_229' title='bbox 324 4301 367 4404; x_wconf 34' lang='lat'><strong>¹¹)</strong></span> <span class='ocrx_word' id='word_1_230' title='bbox 387 4303 532 4356; x_wconf 82' lang='lat' dir='ltr'><strong>Scholiasta</strong></span> <span class='ocrx_word' id='word_1_231' title='bbox 563 4305 670 4357; x_wconf 81' lang='lat' dir='ltr'><strong>adnotat</strong></span> <span class='ocrx_word' id='word_1_232' title='bbox 693 4323 700 4357; x_wconf 79' lang='grc' dir='ltr'><strong><em>ι</em></strong></span> <span class='ocrx_word' id='word_1_233' title='bbox 727 4312 783 4361; x_wconf 75' lang='grc' dir='ltr'><strong>ἔστι</strong></span> <span class='ocrx_word' id='word_1_234' title='bbox 809 4307 837 4361; x_wconf 84' lang='lat' dir='ltr'><strong>dt</strong></span> <span class='ocrx_word' id='word_1_235' title='bbox 861 4303 909 4379; x_wconf 70' lang='grc' dir='ltr'><strong>τῆς</strong></span> <span class='ocrx_word' id='word_1_236' title='bbox 936 4309 1089 4382; x_wconf 71' lang='grc' dir='ltr'><strong><em>χαλκιοίκου</em></strong></span> <span class='ocrx_word' id='word_1_237' title='bbox 1118 4302 1233 4380; x_wconf 56' lang='lat' dir='ltr'><strong>’eoois</strong></span> <span class='ocrx_word' id='word_1_238' title='bbox 1267 4311 1293 4361; x_wconf 81' lang='grc' dir='ltr'><strong>λν</strong></span> <span class='ocrx_word' id='word_1_239' title='bbox 1322 4299 1420 4380; x_wconf 59' lang='lat' dir='ltr'><strong>indutu</strong></span> 
     </span>
    </p>
   </div>
   <div class='ocr_carea' id='block_1_7' title="bbox 277 4393 547 4550">
    <p class='ocr_par' dir='ltr' id='par_1_7' title="bbox 277 4393 547 4550">
     <span class='ocr_line' id='line_1_31' title="bbox 277 4393 353 4461; baseline -0.013 -15"><span class='ocrx_word' id='word_1_240' title='bbox 277 4393 353 4461; x_wconf 75' lang='grc' dir='ltr'><strong><em>λνρονι</em></strong></span> 
     </span>
     <span class='ocr_line' id='line_1_32' title="bbox 309 4481 547 4550; baseline 0.013 -17"><span class='ocrx_word' id='word_1_241' title='bbox 309 4519 312 4524; x_wconf 84' lang='lat'>-</span> <span class='ocrx_word' id='word_1_242' title='bbox 348 4481 369 4547; x_wconf 75' lang='grc' dir='ltr'><strong>*γ</strong></span> <span class='ocrx_word' id='word_1_243' title='bbox 388 4484 403 4534; x_wconf 90' lang='lat'><strong>1.</strong></span> <span class='ocrx_word' id='word_1_244' title='bbox 424 4501 446 4536; x_wconf 91' lang='lat' dir='ltr'><strong>e.</strong></span> <span class='ocrx_word' id='word_1_245' title='bbox 463 4499 489 4550; x_wconf 86' lang='lat' dir='ltr'><strong>p.</strong></span> <span class='ocrx_word' id='word_1_246' title='bbox 508 4490 547 4536; x_wconf 81' lang='lat'><strong>⁴1.</strong></span> 
     </span>
    </p>
   </div>
   <div class='ocr_carea' id='block_1_8' title="bbox 0 0 1520 5266">
    <p class='ocr_par' dir='ltr' id='par_1_8' title="bbox 0 0 1520 5266">
     <span class='ocr_line' id='line_1_33' title="bbox 0 0 1520 5266; baseline 0 1"><span class='ocrx_word' id='word_1_247' title='bbox 0 0 1520 5266; x_wconf 95' lang='lat' dir='ltr'><strong> </strong></span> 
     </span>
    </p>
   </div>
  </div>
 </body>
</html>
