3076 5294
572 596 793 662 ...199-

1 809 2 850 5
114 777 258 863 loquendi
291 778 414 844 ratione
445 778 626 844 illustretur.
683 776 748 842 Sed
782 777 884 862 poetis
916 798 1043 862 quoque
1083 775 1250 842 admiratio

113 883 253 966 debetur,
276 885 330 970 qui
352 887 420 950 ausi
442 896 517 952 sunt
538 895 619 950 totas
634 887 858 952 sententiarum
874 885 1108 970 complexiones
1127 886 1160 948 in
1175 885 1248 949 snb-

113 993 236 1056 stantivi
259 1001 293 1058 et
314 992 443 1080 epitheti
465 992 544 1056 fines
567 1001 655 1058 tants
675 993 808 1061 audacis
828 1001 993 1074 coartatas,
1016 1001 1050 1056 ut
1072 1013 1180 1056 earum
1201 994 1249 1058 in·

1 1191 2 1196 γ
112 1097 251 1166 telleetus
273 1121 336 1164 non
363 1122 434 1164 raro
456 1101 644 1166 acerrimam
667 1099 904 1165 meditationem
926 1099 1082 1186 postulet,
1104 1109 1248 1185 spectan-

111 1206 185 1270 tium
207 1205 448 1272 Atheniensium
471 1207 600 1272 auribus
617 1207 649 1271 in
680 1229 774 1272 soene
797 1227 983 1292 proponere.
1027 1206 1108 1272 Inde
1129 1229 1246 1272 novum

1 1311 2 1403 l
113 1323 358 1400 argumentum,
404 1336 443 1378 ex
480 1336 543 1399 quo
579 1312 619 1378 de
656 1314 789 1378 eruditis
824 1314 1071 1380 Atheniensium
1119 1314 1248 1382 auribus
1287 1378 1292 1390 ,

1 1429 2 1432 ’
112 1423 253 1487 oonieere
285 1422 377 1486 lieeet
408 1421 461 1502 (ef.
496 1426 516 1502 ξ
553 1422 597 1505 2).
655 1420 741 1498 Quid
780 1421 881 1484 vero‘l
924 1421 1018 1507 hujus
1050 1423 1161 1491 aetatis
1207 1419 1247 1487 de

1 1575 2 1578 η
109 1529 198 1615 plebe
220 1528 365 1594 homines
387 1567 427 1578 -
448 1552 522 1594 nam
538 1530 675 1596 Athenis
698 1531 792 1596 etiam
815 1530 924 1614 plebes
939 1529 1069 1594 theormi
1092 1529 1246 1596 beneficio

1 1681 2 1690 ο
109 1635 263 1702 theatrum
292 1636 516 1722 frequentabat
539 1673 579 1684 -
601 1660 676 1704 num
709 1637 768 1700 hos
802 1637 889 1722 ipses
921 1658 1046 1723 quoque
1067 1638 1111 1700 ita
1132 1637 1246 1722 politos

113 1745 281 1824 existimes,
304 1753 348 1826 ut,
371 1745 397 1808 si
413 1741 560 1809 Schilleri
581 1744 632 1808 vel
654 1744 793 1828 cujusvis
817 1745 1001 1811 recentioris
1021 1753 1135 1830 poetae
1157 1743 1245 1810 fabu-

1 1921 2 1928 ,
108 1850 167 1916 lam
200 1861 345 1937 speatent
366 1852 494 1934 figuris,
529 1851 742 1937 metaphoris,
766 1851 1066 1936 comparationibus,
1100 1850 1245 1917 omnibus

108 1960 243 2047 denique
265 1961 311 2028 eis
342 1961 457 2036 rebus,
490 1959 605 2044 quibus
641 1959 816 2026 eommunis
839 1960 924 2022 vitae
947 1959 1086 2026 oratioe
1109 1957 1244 2024 dictione
1322 1981 1325 1988 ’

107 2069 231 2152 poetica
250 2067 387 2150 reoedit,
409 2065 521 2134 animis
543 2089 608 2130 nou
630 2067 883 2152 perturbentur?
915 2067 943 2132 N
947 2090 1008 2134 une
1028 2088 1103 2130 vero
1127 2065 1243 2135 Graeoi

107 2187 221 2260 poetae
244 2175 377 2241 audacia
401 2185 433 2240 et
454 2176 598 2240 libertate
621 2173 746 2240 dieendi
770 2185 894 2242 nostros
916 2176 1010 2260 longe
1042 2175 1242 2260 superabant.

109 2280 179 2360 Quo
200 2285 304 2367 magis
326 2275 393 2365 e'rit,
416 2294 450 2348 ut
472 2283 681 2348 admiratione
702 2283 913 2355 Athenienses
935 2303 1173 2368 prosequamur.

186 2391 280 2472 585.
324 2391 385 2456 His
406 2392 586 2476 praemissis
609 2391 647 2456 ed
671 2412 779 2456 eorum
801 2413 852 2456 me
877 2391 1093 2476 exemplorum
1116 2410 1242 2452 enume-

1 2533 2 2568 ι
105 2499 258 2566 rationem
290 2509 441 2564 converto
454 2549 463 2581 ,
497 2500 550 2563 ubi
582 2499 779 2562 enuntiatum
810 2498 975 2564 relativum
1007 2519 1070 2562 uno
1103 2495 1241 2580 epitheto

105 2605 274 2691 Euripides
307 2604 556 2691 comprehendit.
610 2605 664 2670 Sic
694 2597 863 2686 dadastana
894 2604 1053 2680 κέλευθος
1079 2603 1157 2670 Her.
1180 2603 1240 2670 fur.

103 2713 182 2778 431*
215 2715 275 2784 iter
308 2713 465 2798 signifieat
497 2713 580 2778 ande
612 2736 700 2778 nano
730 2713 859 2796 τούτου,Ι
883 2751 917 2762 -
942 2703 1121 2799 &apathes
1148 2705 1241 2796 ὄργυι’

104 2819 186 2884 Med.
208 2822 289 2887 637*
311 2822 415 2886 aniasi
430 2821 690 2906 perturbationes,
712 2822 824 2906 quodue
837 2846 867 2888 ss
880 2823 1017 2888 domines
1038 2820 1148 2906 affecti
1157 2831 1239 2900 aunt,

103 2930 141 2993 ad
163 2941 297 3014 atraque
321 2943 416 3015 parte
427 2931 472 3015 fit
492 2930 657 2994 οῖιινοοιύο
679 2929 734 3015 (ef.
765 2929 864 3016 Soph.
885 2931 952 2994 Ant
976 2931 1030 2992 lll
1053 2926 1184 2992 νεικέων
1203 2920 1240 3006 ἐξ

102 3029 311 3120 ἀμφιλόγων).
365 3036 459 3102 Addo
492 3037 613 3106 Pboen.
647 3038 726 3102 330*
765 3031 873 3104 πόθον
913 3029 1158 3121 ἀμφιδάκρυτον
1187 3028 1241 3100 uisi

101 3140 238 3228 κατέχων
258 3147 280 3210 τ’.
300 3167 327 3210 a.
349 3143 549 3224 desidet-sian,
571 3169 632 3230 qao
653 3145 767 3231 siquis
788 3158 915 3225 ιιοοιτιτ,
937 3147 1005 3231 apae
1026 3143 1120 3210 valde
1141 3144 1237 3207 lacri-

100 3267 183 3334 ποις
209 3288 244 3300 -
270 3250 349 3316 Heu.
379 3253 458 3319 691*
489 3242 642 3321 οὐδέποτ’
676 3244 885 3337 ἀστένακτος,
917 3240 1100 3337 ἀδάκρυτος
1131 3246 1238 3334 ἁμέρα

101 3349 271 3443 ἐπισχὴσνι
290 3383 452 3445 nunqnam
473 3360 542 3425 dies
562 3362 731 3446 apparebit
751 3358 806 3444 (de
836 3362 896 3430 hae
917 3361 1004 3425 verbi
1027 3358 1155 3438 ἐπέχειν
1175 3359 1237 3442 sig·

99 3467 277 3534 nifioatione
300 3467 376 3532 Her.
396 3466 430 3532 ΙΙ
452 3469 509 3549 96;
532 3466 633 3532 Thuo.
649 3467 717 3532 123
737 3468 911 3554 iuspioiss),
926 3492 986 3553 qao
1007 3491 1069 3532 aaa
1089 3467 1233 3554 inparis·

98 3599 167 3640 anm
197 3589 226 3641 et
255 3575 407 3642 Ζοοτνποι
432 3575 652 3662 profundam
675 3613 716 3622 —
748 3574 820 3640 Hel.
856 3577 952 3642 1319*
983 3567 1236 3658 πολυπλαιήτων

99 3680 208 3748 πόνων
238 3682 381 3748 laeuam
410 3685 468 3768 qai
493 3683 529 3747 s'n
556 3682 663 3747 maltis
697 3684 855 3752 mortha
875 3697 1059 3765 versantem
1081 3717 1121 3728 -
1143 3681 1232 3767 cycl.

95 3792 156 3858 416
176 3785 321 3864 ἔκπύκως
342 3785 384 3856 ὢν
403 3797 458 3873 τῆς
478 3781 690 3871 ἀναισχύντου
708 3790 814 3875 βορᾶς
844 3792 925 3871 eibi,
957 3792 1048 3877 cujas
1078 3813 1147 3854 eam
1168 3814 1231 3856 aaa

1 3951 2 3990 3
94 3899 241 3984 padebat
293 3896 455 3982 Singulari
498 3897 630 3962 audacia
670 3897 753 3961 dicta
784 3907 859 3965 sunt
887 3898 987 3962 verbe
1020 3895 1231 3965 notvenmv

1 3999 2 4014 ³
96 4001 216 4072 ἀδονᾶν
247 4002 352 4070 isaias
386 4005 440 4074 καὶ
462 4002 499 4069 sd
519 4003 616 4090 deripe
638 3993 896 4090 περιχορεύουσα
917 4005 1038 4070 Phoen.
1060 4003 1159 4088 314*,
1181 4003 1234 4071 ubi

1 4195 2 4198 ρ
95 4113 304 4188 πολυέλικτος
330 4104 431 4178 ἀδυνά
450 4112 597 4198 voluptas
618 4123 686 4196 est,
714 4137 795 4200 qaae
816 4138 832 4179 a
852 4115 953 4179 malta
972 4113 1143 4180 saltatione
1162 4135 1232 4200 par-

1 4235 2 4240 ’
95 4225 223 4312 cips’tar.
275 4221 465 4286 Insolentius
502 4229 608 4286 autem
641 4221 703 4291 hoe
736 4223 775 4286 de
808 4217 1064 4308 περιχορεύουσα
1092 4220 1234 4305 pendere

1 4363 2 4368 1
96 4341 192 4418 poets
213 4329 320 4396 voluit
345 4366 379 4378 -
405 4329 511 4412 Magis
525 4352 621 4415 quam
643 4331 882 4396 determinativa
896 4339 990 4416 poeta
1003 4328 1234 4416 dependentiae

97 4438 275 4526 composita
304 4435 344 4504 sd
377 4436 580 4506 artificiosum
613 4437 705 4519 hune,
738 4436 779 4504 de
808 4459 870 4522 quo
901 4437 1076 4524 loquimur,
1109 4435 1234 4502 dicendi
