3076 5294
714 609 935 672 „202-

256 777 372 877 pendia
406 799 537 854 mortem
569 791 628 854 sibi
664 779 840 854 adsciscere
861 791 977 854 melius
995 790 1035 852 sit
1057 811 1097 852 an
1120 787 1217 871 gladii
1247 767 1392 852 auxilia:
1491 793 1492 860 ξ

150 979 152 987 Ι
256 889 368 981 φόνιον
389 887 540 982 αἰώρημα
562 894 620 962 aad
634 897 726 986 δέρης
741 889 904 982 ὀρέξομαι,
925 894 947 983 1'7'
968 889 1159 989 §tfflfflldtpr
1180 893 1306 979 δίωγμα
1327 895 1392 958 λοι-

255 998 401 1096 μσρύιοο
420 1005 550 1089 σφαγᾶς
565 1001 778 1090 αὐτοσίδαρον
789 1002 851 1072 ἔσω
865 998 998 1070 πελάσω
1020 1001 1074 1070 daci
1093 999 1214 1088 σαρκός
1237 997 1377 1083 ἅμιλλαν
1382 1027 1393 1084 ,·
1491 1037 1492 1064 1

254 1092 317 1193 (sic
338 1093 420 1176 enim
443 1113 658 1178 Kircbbcffins
680 1137 721 1178 ex
750 1113 913 1200 aptissima
935 1113 1109 1196 Musgravii
1133 1113 1315 1196 conjectura
1336 1131 1392 1202 pro
1491 1099 1492 1132 l

257 1221 371 1284 codicis
394 1213 516 1299 ἅμιλλα
539 1222 676 1307 scripsit)
700 1221 772 1284 Hel.
794 1222 883 1287 353*,
928 1218 1164 1306 Oonjungenda
1196 1231 1268 1282 sunt
1289 1213 1311 1304 ἢ
1330 1213 1393 1282 αὗ-
1491 1229 1492 1284 ἴ

256 1325 425 1413 σοσίδαρον
446 1324 511 1394 ἔσω
523 1320 656 1392 πελάσω
680 1325 738 1393 dtu?
762 1327 881 1413 σαρκὸς
902 1321 1049 1412 ἅμιλλαν,
1072 1350 1155 1415 quae
1176 1327 1273 1392 verba
1297 1347 1392 1411 oppa·
1491 1313 1492 1356 3

258 1445 373 1500 uantur
404 1436 661 1500 antecedentibus
694 1428 803 1519 φόνιον
835 1428 986 1522 αἰώρημα
1017 1433 1073 1502 dod
1105 1435 1201 1520 δέρης
1220 1424 1392 1517 ὀρέξομαι;

258 1542 332 1607 dicit
361 1543 457 1627 igitur
477 1543 620 1620 Helena,
650 1553 685 1608 ut
705 1546 837 1608 verbum
859 1547 958 1610 verbo
980 1544 1109 1609 reddam
1133 1563 1144 1608 .·
1165 1541 1392 1630 Sanquinolca-

257 1663 321 1715 tum
347 1650 550 1736 suspendium
569 1675 627 1736 per
648 1653 780 1716 ceruices
795 1654 981 1740 perripam,
1014 1676 1057 1716 aa
1070 1651 1206 1737 proprii
1215 1651 1311 1738 farri
1329 1671 1391 1713 aar·

257 1771 359 1822 tamea
394 1762 428 1844 (ξ
449 1758 503 1838 82)
533 1760 619 1824 intus
651 1760 922 1844 appropinquabo.
977 1757 1069 1838 Quae
1108 1757 1295 1844 interposita
1322 1765 1394 1818 suut

257 1866 412 1930 vocabula
433 1859 618 1950 ξιφοκτόνον
639 1866 766 1950 δίωγμα
787 1859 1132 1950 λαιμορύιοολσφαγᾶς
1154 1887 1225 1928 cum
1246 1863 1393 1947 Pflugkio
1491 1877 1492 1882 ’

254 1996 327 2059 por
348 1976 634 2059 appositionis
646 1975 837 2062 fipuram
853 1973 1045 2038 additaesse
1062 1974 1189 2060 judico;
1210 1970 1268 2035 sed
1284 1972 1392 2036 horum
1491 2013 1492 2018 κ

257 2083 397 2167 ipsorum
418 2101 528 2144 sensus
560 2103 624 2144 non
652 2083 735 2145 clare
756 2083 953 2167 perspicitur.
997 2080 1035 2145 Id
1059 2081 1159 2144 solum
1182 2089 1328 2142 constare
1349 2080 1392 2141 vi-
1491 2121 1492 2138 1

259 2186 358 2268 detur,
381 2179 566 2272 ξιφοκτόνον
581 2186 712 2272 δίωγμα
732 2191 965 2253 insectationem
980 2212 1044 2253 oasa
1055 2186 1167 2276 plodio
1175 2187 1393 2275 pompandam

261 2293 449 2382 (Verfolpou
479 2296 536 2359 mit
557 2295 627 2359 doru
648 2295 832 2380 θαλαμίης
865 2295 1030 2360 haeremus
1052 2307 1156 2360 autem
1179 2296 1211 2358 iu
1235 2283 1394 2378 λαιμορὺ-
1491 2293 1492 2350 ζ

257 2423 313 2465 τοο
333 2403 463 2488 σφαγᾶς
476 2404 596 2466 sicutiu
613 2401 787 2489 hujuscum
800 2406 912 2467 ceteris
935 2403 1039 2468 verbis
1062 2403 1295 2488 conjunctione.
1330 2401 1392 2466 Ne·
1491 2387 1492 2392 ἵ

257 2531 318 2596 que
341 2513 423 2575 enim
446 2512 522 2596 quid
545 2510 657 2575 caedes
679 2513 719 2574 sit
740 2533 757 2574 ο
778 2512 853 2596 gula
873 2511 1033 2597 profluens
1055 2531 1158 2596 nequa
1191 2510 1268 2596 quid
1290 2510 1393 2575 caedis

257 2639 274 2680 e
307 2617 381 2702 gula
413 2618 596 2704 profluentis
629 2619 791 2683 insectatio
813 2618 919 2702 gladio
948 2616 1151 2704 peragenda.
1184 2618 1389 2704 intellegitur.

257 2721 365 2802 Quare
386 2747 449 2790 non
470 2728 577 2812 inepte
610 2736 645 2789 ut
676 2726 801 2790 videtur
822 2725 1021 2810 Hartungius
1043 2715 1221 2811 αἱμορύσου
1242 2747 1300 2812 pro
1320 2724 1393 2790 λαι-

255 2826 397 2918 μσρὺτσυ
420 2835 620 2898 scribendum
642 2837 807 2920 proposuit
820 2835 855 2916 ¹),
878 2856 941 2920 quo
956 2845 1084 2921 recepto
1100 2826 1280 2918 αἱμορύτου
1301 2855 1394 2919 σφα-

255 2945 313 3022 γᾶς
341 2962 399 3026 per
432 2942 560 3008 alterius
603 2943 737 3006 membri
777 2943 1003 3006 abundantiam
1037 2942 1093 3026 (cf.
1122 2942 1269 3027 exempla
1303 2945 1323 3024 ξ
1355 2943 1394 3008 83
1491 2927 1492 2932 ¹

256 3071 286 3134 p.
311 3049 368 3112 197
390 3052 588 3132 enumerata)
617 3071 675 3136 pro
709 3044 845 3130 αἵματος
873 3050 1003 3136 σφαγᾶς
1028 3050 1145 3116 dicmm
1168 3059 1231 3132 est,
1254 3049 1395 3135 nihilque
1491 3045 1492 3054 ’

256 3155 316 3218 nisi
338 3159 504 3244 aaupciut'a
525 3159 685 3222 notionem
709 3157 866 3241 significat
879 3157 1021 3243 pluribus
1043 3157 1148 3221 verbis
1164 3155 1275 3220 eodem
1298 3157 1393 3220 modo
1491 3223 1492 3232 ἦ

257 3285 458 3349 expressam,
490 3286 552 3350 quo
588 3266 704 3330 Aesch.
725 3267 756 3332 A
762 3287 794 3351 g.
819 3267 898 3330 1388
930 3262 1095 3350 ἐκψοσισῐν
1114 3255 1226 3345 ὀξεῖαν
1257 3260 1395 3345 αἵματος
1491 3327 1492 3332 ,

257 3364 390 3458 σφαγήν.
434 3371 528 3450 Quod
551 3375 576 3437 si
599 3373 784 3437 conceditur
806 3373 948 3453 alterurn,
970 3395 1065 3458 quem
1087 3372 1214 3454 indicat,
1237 3373 1394 3436 moriendi
1491 3401 1492 3468 l

256 3479 385 3544 modum
407 3481 530 3546 Helena
548 3481 688 3568 appellat
710 3482 872 3565 sanguinis
893 3483 1132 3546 insectationem
1168 3479 1274 3565 gladio
1296 3503 1395 3566 pera-
1491 3507 1492 3588 ρ

257 3588 395 3672 gandam
427 3609 562 3675 eumque
582 3590 741 3676 aptissime
762 3589 860 3676 priori
882 3591 1031 3676 opponit3
1064 3599 1163 3652 semet
1185 3590 1270 3652 enim
1291 3590 1395 3673 ipsam
1491 3599 1492 3604 ’

256 3695 283 3759 si
305 3695 477 3784 suspendit,
498 3697 604 3765 nullus
624 3697 753 3782 sanguis
774 3696 986 3783 protruditur.

338 3821 491 3906 Epitheta
511 3822 754 3908 praepositionis
776 3844 847 3886 cum
870 3845 943 3887 casu
958 3821 1131 3908 pedisequo
1152 3843 1283 3885 sensum
1302 3844 1396 3909 prae·
1491 3843 1492 3848 ¹

256 3938 343 3993 terea
365 3929 483 3992 habent
503 3928 587 3992 bisce
608 3929 685 3992 locis
708 3928 818 3994 :Hea
833 3929 913 3995 916*
928 3922 1099 4013 χοροποιὸν
1119 3925 1241 3992 θυσίαν
1262 3920 1396 4005 παύσας
1491 4015 1492 4028 ¹

256 4037 325 4102 aio.
347 4036 496 4100 desistens
514 4036 553 4100 dc
572 4038 675 4101 sacris
695 4039 730 4101 t'u
752 4037 905 4102 ducendis
926 4037 1045 4102 chorais
1066 4037 1207 4118 usitatis,
1237 4058 1301 4122 quo
1323 4037 1395 4102 loco
1491 4039 1492 4126 ζ

255 4145 396 4208 nonnulli
418 4145 477 4208 viri
499 4145 582 4210 ducti
604 4168 634 4208 v.
649 4146 668 4209 l.
691 4137 865 4231 χαροποιόν
885 4156 1090 4232 receperunt;
1115 4181 1147 4192 -
1175 4143 1297 4208 Pboen.
1313 4146 1396 4213 668*

329 4473 348 4542 1)
368 4473 461 4526 Hiatus
479 4474 538 4525 novi
557 4490 646 4525 versus
663 4472 736 4527 initio
755 4482 910 4532 excusatum
928 4474 961 4526 ct'.
979 4493 1003 4526 1.
1024 4480 1081 4525 341.
