3076 5294
727 587 945 650 -164-

271 770 330 852 cis,
362 790 440 855 quos
473 777 585 856 postea
613 771 647 850 (§
678 768 731 850 72)
763 770 863 833 crucis
904 769 997 854 signo
1028 767 1257 836 denotabimus.
1300 767 1339 831 In
1361 767 1410 830 his

270 877 367 962 igitur
397 898 527 957 vereor,
559 899 599 940 ne
627 878 722 941 etiam
752 877 953 963 symmetriae
977 875 1114 963 quodam
1136 884 1167 940 et
1188 877 1409 940 concinnitatis

271 983 375 1049 studio
397 984 437 1048 ad
457 984 630 1048 traicienda
652 984 795 1071 epitheta
815 992 909 1070 poeta
930 991 1104 1048 commotus
1127 983 1175 1047 sit.
1205 982 1292 1060 Quin
1314 984 1409 1047 etiam

270 1100 406 1156 metrum
451 1113 678 1177 nonnunquam
732 1090 771 1154 ad
808 1091 1027 1176 trajectionem
1062 1089 1290 1176 aliquantulum
1338 1113 1409 1154 con-

270 1200 418 1264 tribuisse
441 1201 467 1264 si
489 1201 558 1285 quis
579 1199 655 1262 mihi
678 1199 775 1280 dicat,
809 1218 900 1263 aures
924 1207 1008 1262 certe
1027 1197 1100 1262 huic
1122 1196 1277 1280 dederim,
1300 1219 1409 1284 quam·

270 1330 364 1394 quam
378 1308 473 1392 longe
494 1308 534 1371 ab
549 1329 658 1372 eorum
672 1307 783 1371 absum
806 1307 971 1387 sententia,
994 1305 1047 1391 qui
1069 1307 1160 1369 metri
1174 1306 1206 1368 vi
1229 1307 1335 1368 omnia
1357 1326 1408 1368 ex·

269 1415 387 1501 plicare
417 1414 551 1478 student.
596 1411 668 1491 Quo
690 1416 722 1477 in
743 1436 861 1498 genere
892 1412 1236 1500 conferasHipp.54;
1260 1413 1340 1476 1179
1363 1417 1406 1498 (p.

271 1520 361 1608 167),
394 1520 512 1585 Phoen.
538 1522 617 1586 1099
640 1522 683 1608 (p.
708 1522 800 1605 167);
832 1519 928 1584 Rhes.
961 1521 1056 1603 211*,
1089 1521 1216 1606 266111.
1250 1521 1325 1604 168)
1355 1518 1407 1583 ubi
1445 1531 1448 1538 '

273 1632 485 1718 epithetorum
506 1631 646 1714 genetivi
668 1630 743 1693 ferri
764 1650 830 1692 non
851 1637 990 1715 possent.

352 1737 443 1818 572.
487 1736 631 1801 Transeo
670 1759 754 1801 nunc
785 1736 827 1800 ad
870 1737 1086 1823 exemplorum
1128 1737 1407 1816 enumerationem,

272 1846 386 1931 quibus
408 1844 467 1909 tria
488 1845 542 1908 illa
564 1867 683 1930 genera
712 1845 795 1932 apud
817 1844 1002 1931 Euripidem
1024 1844 1231 1908 illustrantur.
1275 1845 1325 1908 Ac
1345 1843 1406 1928 pri·

271 1976 357 2017 mum
378 1954 506 2038 quidcm
527 1953 561 2016 in
581 1951 808 2038 periphrastica
840 1952 1114 2016 circumlocutione
1149 1961 1183 2014 ut
1200 1951 1268 2036 jam
1284 1948 1407 2036 Sopho·

272 2062 351 2124 clem
393 2081 505 2125 vocem
548 2051 634 2146 α’κμή
676 2060 856 2123 adhibuisse
888 2059 1027 2124 uidimus
1049 2063 1094 2146 (p.
1133 2059 1226 2142 162),
1260 2059 1305 2121 sic
1343 2057 1406 2120 Eu·

271 2168 389 2255 ripides
413 2167 496 2258 dicit,
511 2158 725 2253 λευκοπήχεσι
746 2173 862 2252 χειρῶν
885 2166 1005 2249 α’κμαῖς
1020 2167 1134 2232 Bacch.
1161 2167 1239 2232 1206
1260 2188 1319 2253 pro
1340 2164 1407 2228 λευ

275 2264 436 2360 κσπὴχεων
466 2281 602 2362 perperim
633 2279 707 2340 item
738 2271 828 2356 ὄμμα
859 2277 1130 2363 periphrasticum.
1156 2296 1283 2338 sensum
1314 2273 1408 2336 habet

274 2382 330 2448 Or.
347 2385 443 2449 1386*
458 2375 661 2468 ὀρνιθόγονον
681 2378 770 2463 ὄμμα
780 2377 989 2468 κυκνόπτερον
996 2381 1179 2458 Δυσελένας
1191 2382 1211 2445 ἰ.
1226 2403 1253 2444 e.
1269 2376 1402 2466 ὀρνιθο-

273 2480 363 2574 γόνσυ
394 2487 606 2576 κυκνοπτέρου
627 2489 825 2573 marlevam
848 2491 886 2554 cl.
914 2490 988 2557 Jon.
1013 2492 1091 2555 1261
1121 2479 1149 2552 ol
1179 2479 1408 2575 ταυρόμορφον
1521 2515 1525 2532 ·

272 2593 363 2679 ὄμμα
394 2604 544 2683 Κηφισοῦ
574 2589 712 2683 ’πατρόςς
745 2599 791 2660 his
820 2597 978 2683 subjungo
1000 2597 1120 2661 Phoen.
1153 2599 1232 2662 661*
1265 2589 1405 2683 δεργμά-

272 2729 336 2769 των
357 2694 484 2789 κόραισι
498 2697 716 2781 πολυπλάνοις
730 2701 925 2788 ἐπισκοπῶν,
947 2705 1001 2768 11111
1020 2727 1089 2768 curn
1105 2698 1290 2789 δεργμάτων
1304 2707 1407 2772 valeat

273 2804 425 2892 ὀμμάτων
446 2813 522 2878 nihil
544 2813 628 2877 aliud
650 2815 834 2900 exprimitur
855 2813 914 2876 nisi
937 2806 1062 2892 ὄμμασι
1084 2805 1310 2889 πολυπλάνοις
1330 2813 1406 2879 ἐπι-

274 2921 409 2985 σκοπῶν.
452 2921 576 2985 Nomen
599 2911 685 3004 κάρα
706 2921 973 2985 circumlocutioni
994 2921 1124 2983 inservit
1146 2920 1234 3004 cycl.
1257 2923 1319 2987 438
1343 2915 1406 2987 Κό-

274 3028 404 3104 κλωπσς
434 3020 621 3112 ἐκφυγόντες
650 3018 782 3092 άνόσισν
812 3025 897 3111 κάρα
928 3047 1063 3114 quocum
1095 3027 1135 3090 cf.
1166 3027 1244 3091 Her.
1266 3029 1326 3092 fur.
1348 3029 1407 3094 255

273 3134 387 3222 α’ρεῖτε
417 3137 471 3201 καὶ
502 3137 589 3201 τοῦδ’
617 3131 736 3222 άνδρός
759 3125 888 3200 α’νόσιον
918 3126 1049 3219 κόραι).
1092 3135 1185 3198 Addo
1218 3134 1314 3199 Rhes.
1337 3137 1405 3218 962,

274 3246 328 3309 ubi
350 3245 389 3310 de
409 3245 573 3310 interfecto
595 3245 659 3310 filio
674 3253 776 3308 meter
790 3243 930 3328 nympha
952 3241 1113 3329 praedicat
1135 3266 1142 3304 :
1164 3244 1220 3306 σιίι
1234 3233 1299 3307 εἶσι
1313 3243 1406 3327 γαίας

272 3347 307 3428 ἐς
317 3345 511 3437 μελάγχιμον
522 3344 1042 3435 πὲδσν1.ο.γαῖανἐςμελάγχιμσν.
1061 3348 1131 3414 Nec
1141 3352 1212 3413 voci
1223 3346 1303 3433 ilipa
1312 3352 1406 3415 alium
1423 3427 1425 3430 Ι

273 3481 400 3523 sensnm
431 3461 535 3525 inesse
557 3461 756 3524 statuendum
779 3459 855 3539 erit,
886 3459 945 3522 nisi
966 3457 1228 3544 periphrasticum
1250 3457 1348 3522 Rhea.
1369 3459 1406 3522 8*

271 3561 446 3655 βλεφάρων
466 3565 657 3654 γυργωμπόν
676 3564 788 3652 ἕδραν)
810 3566 860 3630 ΕΙ.
883 3567 962 3632 458*
990 3556 1181 3652 περιδρόμῳ
1204 3563 1294 3640 ἴτυος
1314 3561 1404 3650 ἕδρᾳ,

273 3676 328 3741 ubi
349 3679 383 3742 lo
396 3677 585 3764 pora‘phrose
605 3675 694 3752 λ’τυσς
715 3671 797 3759 ἕδρᾳ
818 3673 945 3762 ddot'pnc
965 3697 998 3739 οι
1018 3673 1097 3737 bord
1117 3672 1286 3738 οινσαλσάνι
1306 3672 1405 3758 (ἴτυς)

272 3806 385 3849 omnmo
399 3783 545 3850 l'eodros't
559 3781 668 3867 (ἕδρα)
684 3789 723 3848 cir
738 3783 782 3847 lea
790 3783 913 3869 flpores
927 3805 959 3844 se
974 3782 1150 3845 trouoaieot
1159 3780 1287 3866 placem
1302 3779 1404 3866 (Wei-

272 3891 332 3954 lius
355 3914 382 3956 a.
406 3892 450 3977 1.).
493 3893 656 3956 Accedant
686 3891 763 3954 Her.
786 3890 851 3954 dur.
882 3891 943 3955 730
962 3879 1111 3972 βρόχοισι
1141 3876 1302 3974 δ’άρκόων
1320 3878 1404 3974 γενή-

274 4019 363 4064 σεται
403 3992 617 4086 ξιφηφόροισι
653 3999 707 4084 (cf.
750 4002 769 4078 ᾗ
799 3999 855 4079 66)
888 4000 907 4060 i.
943 4017 969 4060 e.
1016 3991 1128 4081 ὄρκυσι
1170 3988 1403 4083 ξιφηφόροισις

341 4342 361 4410 ¹)
381 4343 524 4394 Scholiasta
541 4343 604 4394 dicit
620 4363 626 4394 :
644 4353 704 4411 ταῖς
729 4337 817 4417 κόραις
839 4343 891 4397 τόν
908 4336 1075 4419 detuleram
1102 4343 1134 4390 cf.
1161 4341 1323 4407 Hesychium
1340 4357 1360 4392 s.
1377 4357 1402 4390 v.

272 4422 426 4506 όιργμᾶταν.
