3030 5266
545 665 748 732 ,61-

85 845 187 930 ficiem
208 870 215 912 ι
237 845 358 915 Phoen.
388 848 468 913 1316
493 835 529 913 ‘ds
554 842 746 933 αὐτοσφαγῆ
773 837 895 928 ἐκόμισ’
924 841 958 910 ἐν
978 819 1099 932 χιροῖνς
1120 881 1161 895 -
1182 852 1216 910 et

88 945 280 1041 οάιοκραιῇς
302 979 309 1020 :
332 955 432 1022 Andr.
454 955 533 1023 842*
554 946 671 1043 φρενός
692 950 923 1041 οὐιοκραιοῦς.

50 1071 53 1076 ’
162 1075 221 1142 Ηίο
235 1080 387 1144 nonnulla
406 1079 575 1145 adnectere
597 1081 710 1166 placet,
732 1102 865 1166 quorum
886 1081 920 1143 in
940 1077 1003 1143 fine
1025 1075 1086 1142 alia
1100 1073 1217 1142 suffixa

87 1194 234 1272 apparent
254 1209 262 1249 ι

159 1315 390 1404 ποιδολέιειρα
416 1322 489 1406 (pro
517 1317 825 1405 ποιδ-ολοσιρ-ια)
848 1342 855 1382 :
879 1317 962 1382 Med.
992 1317 1070 1383 849*
1099 1316 1137 1382 οὲ
1156 1311 1216 1381 τάν

84 1424 348 1513 cordubensem
372 1463 406 1476 -
432 1419 614 1510 πάντολμος
645 1427 750 1494 mania
771 1425 908 1502 cudens,
940 1424 1052 1491 cedar
1073 1447 1081 1488 ε
1104 1424 1215 1511 Suppl.

84 1526 225 1598 1075*τὸ
237 1526 418 1618 πάντολμον
432 1530 524 1622 ἔργον
541 1525 750 1624 decendium
774 1571 812 1584 -
834 1525 1136 1620 τεθριπποβάμονι
1159 1530 1215 1598 Or.

81 1642 155 1710 989‘
175 1635 469 1729 τεθριπποβάμονι
489 1636 606 1730 σιάλῳ.

158 1775 250 1856 520.
292 1773 419 1841 Suffixa
440 1777 474 1840 in
495 1776 751 1842 antecedentium
766 1771 1039 1862 paragraphomm
1062 1770 1216 1859 exemplis

82 1890 205 1967 praeter
226 1874 438 1968 λαιμάιομος,
459 1876 691 1970 λοιμάνμηνος,
711 1871 955 1965 άμμαιοσιορὴς
974 1900 1070 1944 sensu
1091 1901 1217 1966 semper

81 1991 179 2054 setivo
222 1992 368 2056 secundis
402 1993 553 2058 membris
593 1991 746 2079 adjuncta
775 1998 879 2072 erent3
911 1988 966 2056 sed
986 1987 1098 2053 iisdem
1120 1987 1215 2052 etism

79 2098 236 2182 passivam
258 2101 420 2164 notionem
441 2101 537 2166 tribui
558 2121 653 2186 posse
675 2098 837 2164 vocabulis
859 2097 935 2161 satis
956 2117 975 2160 e
995 2096 1101 2181 priore
1122 2094 1216 2180 hujus

79 2204 189 2290 capitis
218 2214 309 2292 parte
340 2217 449 2272 notum
478 2215 533 2272 est.
577 2205 651 2271 Hoc
679 2206 776 2290 igitur
803 2203 856 2268 ubi
877 2204 910 2267 in
932 2199 1161 2288 dependentiae
1181 2200 1217 2266 fit

80 2311 268 2398 compositis,
283 2312 421 2379 themata
435 2313 542 2380 dativo
558 2314 718 2397 (locatim,
732 2310 977 2391 instrumentali)
996 2307 1216 2374 transferenda

79 2427 158 2481 sunt
201 2415 266 2484 Sed
287 2440 352 2484 non
373 2443 445 2486 raro
467 2420 593 2504 accidit,
616 2430 650 2485 ut
670 2421 765 2484 etiam
786 2420 888 2484 activo
910 2416 1098 2482 suffixorum
1120 2437 1215 2482 sensu

80 2523 216 2590 themate
257 2533 365 2590 tamen
396 2529 460 2592 vim
494 2535 527 2593 et
556 2535 746 2614 potestatem
780 2525 878 2591 dstivi
906 2523 1054 2588 habeant.
1107 2520 1217 2600 Quare

79 2653 135 2718 pro
155 2631 217 2698 hoc
238 2632 416 2698 discrimine
447 2635 526 2700 duaa
550 2656 635 2698 nunc
656 2633 864 2720 epithetornm
884 2631 1057 2719 particulas
1077 2639 1217 2696 statuere

79 2738 158 2806 licet

522 3025 770 3039 —m

617 3294 667 3414 ν.

189 3503 335 3588 Priora
361 3501 553 3588 membra
582 3502 725 3584 dativo
755 3493 958 3584 vertenda
987 3511 1095 3583 sunt

79 3742 110 3794 a
159 3714 304 3794 Suffixa
335 3715 458 3792 activo
484 3737 595 3788 sensu
628 3707 798 3788 secundis
823 3707 1000 3786 membris
1026 3708 1215 3788 secedunt

80 3914 169 3997 521.
211 3909 510 3998 Epithetorum
538 3911 581 3973 in
619 3908 705 3974 fine
735 3907 937 3973 suffixum
974 3927 992 3970 ο
1029 3915 1215 3993 apparet.

187 4047 216 4109 1.
263 4044 414 4112 ’.ῙἸιοιοοιο
434 4043 548 4129 πάροι
568 4055 641 4108 sunt
661 4040 769 4106 vocali
787 4040 893 4106 λιλοινο
915 4038 1108 4106 terminatas.

160 4166 375 4263 Ἰαοροπάλος
395 4199 404 4240 ι
426 4176 458 4243 J.
480 4174 521 4239 Τ.
554 4174 632 4242 1457
648 4167 804 4260 Ἄρτεμιν
823 4171 860 4239 dd
881 4195 927 4238 νιν
947 4164 1062 4259 βράνοι
1086 4167 1126 4238 τά
1145 4169 1215 4238 λοι-

81 4281 140 4350 πὸν
169 4277 343 4370 ὑμνήσουσι
374 4270 591 4370 Ταυροπόλον
621 4275 705 4348 θεάν
733 4279 825 4346 ἄοινοι
859 4283 895 4346 ia
919 4281 1097 4347 Taurorum
1127 4303 1217 4370 ορνιι

82 4393 307 4474 mascam
327 4427 370 4440 -
390 4381 574 4477 θημὴγορος
594 4413 602 4454 :
624 4389 704 4454 Hec.
719 4389 782 4456 254
796 4391 831 4471 (ξ
846 4387 919 4473 81);
945 4423 979 4436 -
1003 4378 1218 4476 gemendae:

82 4499 151 4566 Hel.
181 4499 263 4566 353*
294 4498 329 4585 (ἓ
351 4498 424 4583 86);
448 4533 483 4546 -
505 4486 673 4582 detinebar
694 4519 702 4562 ε
724 4494 906 4564 Calchantis
938 4495 1099 4660 epgtheton
1119 4493 1152 4562 J.
1174 4495 1216 4560 A.
