3030 5266
716 625 940 690 ..144-

262 801 321 866 129
344 800 462 889 Τροίην
482 791 657 884 εὖτεὶχεον;
689 806 728 868 Β.
761 803 856 886 113);
878 803 985 888 hymn.
1019 804 1050 867 in
1084 802 1166 870 Ven.
1200 806 1261 870 112
1280 807 1392 893 legitur

261 912 356 976 etism
379 907 521 996 Φρυγίης
547 899 763 996 εὐτειχήτοιος
796 909 852 974 scd
874 910 1133 996 metaplasticum,
1165 921 1202 978 ut
1221 914 1265 978 its
1286 913 1392 998 dicem,

261 1019 473 1082 accusativum
518 1008 665 1097 εὐτείχεα
706 1008 827 1103 (πόλιν)
862 1017 931 1103 jam
971 1023 1005 1083 Π
1034 1021 1074 1085 bl
1119 1019 1392 1106 deprehendimus.

263 1163 296 1174 -
333 1125 486 1190 Extremo
527 1125 596 1189 loco
639 1146 849 1190 commemoro
879 1119 999 1212 εὐαγής
1033 1119 1158 1212 (ἄγος),
1201 1150 1266 1215 quo
1303 1131 1393 1217 signi.

261 1233 390 1315 ficetur,
418 1233 473 1319 qui
494 1232 618 1320 pieeulc
639 1252 702 1296 non
725 1241 832 1318 egeet3
854 1233 949 1298 rebus
970 1242 1074 1298 eutem
1090 1236 1117 1300 si
1129 1234 1207 1300 illud
1221 1237 1395 1304 attribuitur

262 1341 345 1405 valet
377 1364 505 1426 ,puceu
537 1338 726 1420 condidus“‚
748 1348 783 1404 ut
802 1339 918 1404 Bacch.
947 1342 1009 1407 662
1029 1333 1133 1422 χιόνος
1155 1334 1282 1430 εὐαγεῖς
1301 1344 1394 1426 βολαὶ
1495 1348 1496 1354 ’

261 1450 345 1514 ciuis
365 1448 503 1514 condidi
519 1449 618 1514 rodii.
652 1447 802 1514 Ceterum
835 1449 928 1514 etiem
949 1471 1006 1536 pro
1029 1449 1260 1537 „descriptiuo“
1282 1453 1395 1518 hebere

261 1557 322 1620 hoc
342 1557 476 1642 poteris3
497 1556 536 1620 of.
558 1559 577 1636 ἓ
597 1556 648 1638 38,
673 1557 719 1622 lb
739 1580 770 1643 p.
795 1559 863 1622 110.

718 2223 840 2308 OAP.
870 2223 941 2308 IV.

587 2446 889 2516 Personiflcstionis
917 2446 1076 2534 exemplu

344 2632 433 2712 563.
477 2630 637 2696 Eximium
667 2632 743 2696 illud
776 2631 928 2696 sermonis
968 2627 1085 2696 Graeci
1128 2631 1316 2698 inanimatos
1348 2649 1396 2692 res

261 2762 319 2826 pro
342 2739 484 2826 personis
498 2737 668 2803 inducendi
683 2739 822 2804 studium
842 2742 868 2802 si
884 2738 954 2824 quis
978 2737 1084 2802 verbis
1107 2737 1212 2804 denuc
1237 2736 1396 2803 celebrere

262 2848 438 2910 institueret
465 2847 658 2928 satietatem,
691 2846 804 2929 credo,
826 2847 865 2910 iis
886 2847 940 2932 qui
961 2846 1089 2930 legunt,
1110 2845 1248 2910 efferret
1291 2841 1396 2922 Quare

262 2953 322 3018 hee
354 2955 385 3016 in
418 2975 452 3016 re
475 2961 560 3016 certe
591 2974 656 3016 non
686 2956 752 3018 crit-
774 2976 830 3018 cur
851 2953 967 3019 diutius
988 2952 1183 3018 haereamus.
1227 2951 1292 3020 Sed
1315 2950 1396 3040 epud

263 3061 404 3146 singulos
426 3060 596 3146 scriptores
620 3082 715 3146 quem
741 3061 804 3125 late
826 3061 950 3126 dicendi
983 3061 1035 3126 ille
1056 3083 1133 3125 usus
1153 3069 1261 3147 petest
1281 3081 1397 3146 neque-

263 3189 358 3253 quam
379 3167 424 3230 ite
438 3167 633 3253 exploratum
650 3176 707 3250 est,
728 3176 763 3232 ut
777 3168 857 3232 fines
878 3169 984 3256 alique
998 3191 1038 3234 ex
1052 3177 1141 3255 perte
1157 3163 1397 3255 circumspicies.

263 3277 371 3362 Atque
392 3274 534 3361 inprimis
555 3256 640 3339 nunc¹
660 3277 768 3362 magni
788 3277 941 3342 momenti
964 3285 1013 3342 est
1026 3276 1135 3341 videre
1148 3275 1321 3363 Euripides
1336 3297 1397 3362 quo

263 3382 410 3447 eudociae
432 3383 464 3445 in
487 3381 714 3446 consuetudine
732 3383 786 3448 illo
806 3387 1005 3470 processerit.
1035 3383 1074 3448 In
1088 3385 1272 3448 universum
1294 3392 1397 3448 eutem

262 3491 289 3554 si
310 3471 380 3576 quis
402 3491 508 3553 omnio
521 3489 804 3576 personifioetionis
822 3493 968 3581 exemplo
982 3493 1131 3578 colligere
1147 3491 1230 3575 velit,
1254 3493 1284 3556 ei
1304 3513 1397 3578 prop-

262 3608 311 3662 ter
351 3599 515 3682 ingentem
549 3597 697 3662 nimirum
733 3598 966 3664 multitudinem
1000 3600 1150 3686 peculiari
1186 3598 1294 3662 libello
1337 3598 1396 3663 hoo

263 3704 488 3791 praestandum
510 3704 558 3769 sit.
596 3702 700 3781 Quem
716 3688 759 3770 oh*
777 3728 854 3788 rem,
877 3708 1026 3793 quonism
1041 3706 1080 3772 de
1095 3706 1276 3792 compositis
1292 3706 1396 3793 dispu-

263 3813 413 3876 tationem
428 3813 618 3877 instituimus
634 3811 794 3899 epithetis,
815 3815 850 3879 in
864 3814 913 3878 his
928 3823 1128 3880 remanentes
1149 3822 1306 3900 quatenus
1321 3813 1398 3878 heeo

263 3919 348 4006 opud
390 3918 575 4006 Euripidem
618 3920 885 4005 personifioetioni
917 3922 1090 3986 inserviunt
1137 3920 1397 4008 contemplemur.

263 4025 378 4092 Mirum
408 4028 498 4091 enim·
523 4037 571 4092 est
599 4049 662 4091 non
696 4029 796 4092 solum
828 4027 1019 4114 Euripides,
1052 4026 1106 4092 sed
1138 4030 1265 4092 omnino
1286 4037 1398 4116 poetae

265 4133 381 4200 Graeci
404 4145 555 4221 quantum
578 4135 637 4200 hoc
657 4136 690 4198 in
704 4157 822 4221 genere
843 4136 1067 4222 praestiterint.
1110 4133 1175 4220 Sic,
1197 4145 1231 4200 ut
1252 4136 1397 4222 exemplo

264 4266 315 4308 res
337 4242 510 4330 probetur,
541 4243 609 4328 igni
640 4243 748 4308 oculus
769 4242 918 4308 tribuitur
940 4241 1041 4330 Orph.
1064 4243 1171 4331 hymn.
1195 4245 1244 4327 11,
1268 4244 1305 4309 17
1328 4241 1396 4310 ἐλα-

264 4340 427 4437 φρότατον
456 4344 560 4437 πυρός
585 4344 692 4434 ippum
726 4349 782 4414 sed
814 4349 860 4414 his
892 4351 1075 4416 venustiore
1105 4360 1189 4416 certe
1219 4360 1251 4414 et
1272 4352 1397 4436 elegun-

263 4463 344 4526 tiore
367 4468 439 4524 sunt
460 4457 656 4546 Theognidis
677 4459 774 4523 verbs
795 4452 899 4543 πυρὸς
918 4450 1118 4542 veteratum
1138 4450 1220 4546 αὐγή
1240 4461 1285 4544 (v.
1313 4460 1397 4544 566).
