3076 5294
697 578 923 647 -162-

239 763 407 848 genetivus
439 784 510 834 cusu
538 762 687 849 primario
718 761 846 832 uomina
877 760 1063 847 conjunctus
1093 766 1150 824 est.
1192 755 1273 824 Inde
1295 759 1381 822 enim

231 869 493 936 commodissime
523 869 714 956 explicatur,
746 868 904 955 quomodo
934 867 1121 955 permissum
1156 867 1258 954 poetis
1287 865 1383 930 fuerit

242 978 442 1064 aliquatenus
491 978 646 1044 rationem
687 976 821 1062 logicam
863 976 896 1042 in
935 974 1066 1062 epitheti
1106 974 1259 1040 relatione
1299 987 1388 1058 neg:

244 1085 361 1170 legere.
388 1081 524 1150 Prioris
554 1086 649 1170 igitur
681 1085 808 1168 generis
834 1093 949 1148 natura
979 1083 1012 1147 in
1034 1083 1196 1148 notissimo
1217 1090 1383 1168 poetarum

189 1192 372 1258 ·dicendi
403 1216 464 1257 usu
497 1192 601 1278 posita
629 1200 692 1274 est,
724 1213 765 1256 ex
795 1212 858 1276 quo
887 1189 1382 1286 uniusmsmfflnomm

96 1255 124 1358 ό
188 1298 200 1363 λ
247 1299 369 1370 duobus
378 1299 636 1365 circumscribere
648 1299 752 1364 solent
765 1298 953 1364 nominibus.
976 1297 1126 1384 ltaquein
1139 1297 1384 1390 periphrastecs‘a

118 1356 192 1427 Ι
453 1369 701 1396 .‚,‚...‚...„

245 1401 582 1532 circumscriptionibus,
609 1407 718 1493 quales
738 1414 811 1472 sunt
828 1399 984 1469 ποδοῖν
961 1403 1065 1482 ακμαλ
1082 1427 1139 1490 pro
1165 1395 1313 1485 πόδες,’
1295 1426 1383 1487 ομμα

245 1537 372 1638 evpuqu
385 1537 443 1601 pro
465 1505 581 1599 νύμφη,
604 1504 719 1588 κύκλος
739 1509 834 1598 ἡλλον
854 1534 912 1598 pro
933 1500 1033 1597 ἥλιος,
1054 1507 1121 1598 ueri
1141 1505 1306 1599 Γοργόνος
1326 1536 1383 1599 pro

246 1629 277 1691 Γ
274 1645 367 1707 οργωΙ
388 1611 565 1707 βλεφάρων
578 1617 660 1705 ἕόρο
674 1645 732 1709 pro
746 1616 907 1704 βλέφαρα,
924 1629 955 1684 et
966 1620 1119 1686 similibus
1134 1643 1206 1684 cum
1221 1621 1384 1707 epitheton

245 1729 419 1812 accederet,
442 1752 505 1793 uon
526 1752 597 1800 raro
618 1729 732 1812 fiebat,
765 1737 799 1793 ut
819 1728 880 1793 hoc
902 1751 973 1792 cum
995 1729 1119 1814 regenti
1140 1730 1286 1812 nomine,
1320 1751 1384 1792 non

246 1859 317 1904 cum
339 1838 488 1922 genetivo
519 1838 727 1924 copularetur.
770 1836 935 1902 Habemus
955 1836 1051 1920 igitur
1084 1829 1248 1922 πανόπτην
1270 1830 1386 1900 κύκλον

246 1939 338 2028 ,ἡλίου
349 1944 463 2013 Aesch.
471 1943 623 2009 Prom.9l
634 1968 642 2026 Ι
653 1940 825 2028 διατόρους
833 1945 949 2010 ποόοῖν
960 1933 1168 2032 οἷκμᾶςὸορλο.
1181 1943 1222 2009 Ο.
1237 1945 1384 2028 R10343

245 2045 473 2137 οἷμφινελκηκον
484 2046 573 2134 όμμα
584 2042 709 2137 νύμφης
718 2051 834 2118 Trach.
845 2053 922 2134 5273
947 2040 1149 2132 λαιμοτόμαν
1169 2046 1256 2135 φυόν
1266 2057 1296 2119 Γ
1293 2044 1385 2136 epyri·

247 2180 297 2233 νος
308 2159 385 2224 Eur.
397 2160 447 2228 ΕΙ.
457 2161 554 2241 459*;
578 2150 752 2246 βλεφάρων
770 2155 934 2245 γοργωπὸν
944 2155 1044 2243 ἕδραν
1058 2159 1154 2224 Rhea.
1164 2159 1212 2226 8²⁸.
1247 2159 1386 2228 Causam

177 2340 179 2346 Ι
250 2288 327 2330 vero
340 2266 533 2350 traiectionis
544 2268 575 2331 iu
589 2268 637 2332 his
653 2266 870 2354 similibusque
885 2267 1038 2353 exemplis
1050 2265 1090 2332 G.
1101 2265 1140 2330 R.
1157 2265 1386 2350 Schmidtius1)

249 2383 335 2438 recte
362 2374 395 2436 in
424 2375 494 2460 ipsa
526 2374 801 2440 circumlocutione
833 2375 918 2438 cerni
936 2375 1078 2459 judicat,
1112 2396 1175 2461 qua
1195 2375 1325 2440 nomina
1346 2377 1388 2440 ita

251 2481 421 2568 conjuncta
443 2483 512 2562 sint,
534 2492 569 2547 ut
589 2482 782 2547 nominativo
797 2483 962 2568 genetivus
978 2483 1104 2546 omnino
1126 2490 1284 2602 potestate
1305 2505 1343 2546 ac
1357 2484 1388 2545 vi

249 2588 379 2653 inferior
401 2591 508 2653 sit-
533 2591 609 2658 Jam
631 2590 671 2653 ad
692 2590 824 2654 alterum
846 2612 948 2676 genus
971 2591 1073 2671 venio,
1097 2588 1186 2674 cujus
1204 2591 1236 2653 in
1258 2611 1296 2653 eo
1319 2612 1387 2655 ver-

251 2705 483 2779 subornatum,
511 2697 596 2783 quod
628 2697 716 2761 subst
703 2699 858 2786 tantivum
889 2719 960 2761 cum
992 2709 1089 2782 genet
1091 2698 1142 2760 ivo
1143 2720 1206 2788 tp
1209 2718 1389 2792 Qe-

250 2806 370 2868 tionem
401 2806 491 2891 quasi
513 2804 672 2887 coalescit,
706 2805 756 2868 cui
777 2807 945 2891 apponitur
968 2794 1099 2868 barride
1112 2804 1293 2891 epitheton3
1327 2803 1388 2868 duo

250 2905 304 2976 aut
306 2935 355 2976 em
378 2913 548 2994 elementa,
582 2936 599 2978 e
621 2914 735 3000 quibus
758 2923 814 2978 not
815 2914 845 2978 io
801 2914 921 2978 tilla
943 2913 1118 3000 composita
1140 2921 1207 2994 est,
1230 2913 1334 2999 siper
1355 2934 1389 2975 se

251 3019 510 3099 considerautur,
541 3021 644 3107 magis
666 3043 745 3088 sane
778 3020 919 3107 geuueri
954 3042 1048 3106 quam
1077 2961 1217 3106 primarii
1253 3020 1390 3082 nominis

252 3127 354 3191 sensui
379 3127 540 3213 epitheton
562 3129 732 3192 convenire
752 3127 904 3192 invenies.
951 3128 1061 3213 Atque
1083 3126 1116 3189 in
1138 3126 1299 3190 vertendis
1321 3127 1387 3211 qui·

254 3235 325 3298 dem
357 3233 390 3297 id
422 3257 524 3319 genua
555 3235 702 3322 epithetis
734 3244 863 3302 nostrae
884 3236 1012 3322 linguae
1032 3233 1187 3320 majorem
1209 3255 1304 3320 quam
1325 3233 1390 3298 Ro·

253 3363 366 3406 manae
387 3343 534 3406 virtutem
551 3352 582 3406 et
595 3344 821 3430 praestantiam
839 3343 912 3428 jure
926 3344 1097 3424 miramur3
1118 3363 1176 3405 noe
1189 3340 1273 3405 euim
1294 3362 1391 3404 unam

253 3448 338 3512 illam
358 3451 522 3514 notionem
552 3459 686 3537 utroque
717 3450 913 3516 substantivo
935 3449 1078 3514 effectam
1100 3449 1274 3535 composito
1295 3449 1391 3536 aptis·

254 3558 332 3621 sime
355 3557 551 3622 substantivo
572 3558 732 3623 reddimus
744 3559 781 3643 ²).
824 3555 919 3634 Quod
940 3558 1043 3621 elucet
1077 3579 1115 3621 ex
1137 3555 1248 3632 εὐαεῖς
1268 3551 1393 3637 ἀνέμων

254 3663 351 3730 πνοαί
379 3665 453 3730 Hel.
483 3667 603 3734 1504*=
632 3667 757 3732 ls'eble'ch
777 3665 938 3732 webeudcr
976 3664 1175 3731 Windhauch
1182 3689 1194 3748 Ι·
1224 3654 1394 3743 εὐδόκιμον

254 3763 396 3838 θονόκόυ
415 3776 513 3858 μέρος
534 3775 660 3840 Heracl.
682 3775 764 3840 621⁸
783 3773 970 3840 νολνπνολλοκ
1005 3772 1181 3854 Todesloos,
1205 3773 1394 3859 quibuscum

257 3881 428 3945 contulisse
443 3881 537 3967 juvat
558 3882 674 3948 Latina
696 3907 703 3946 :
730 3881 976 3948 Thessalico
997 3882 1239 3948 concharum
1259 3881 1396 3946 colore

259 4091 454 4100 ——--———-

326 4234 348 4300 ¹)
365 4234 404 4287 De
430 4232 539 4300 epitheti
555 4233 582 4286 iu
599 4234 742 4302 periphrasi
759 4233 978 4288 eubsmtivorum
1001 4233 1161 4301 trajectione,
1188 4235 1292 4301 Torgau
1321 4237 1395 4298 184⁹,

259 4336 283 4390 p.
302 4321 325 4370 9.

325 4431 347 4502 ⁸)
366 4433 398 4484 cs.
419 4433 449 4484 G.
467 4433 497 4486 R.
517 4432 695 4496 Schmidtium,
713 4433 731 4486 l.
749 4449 772 4486 c.
788 4450 814 4500 p.
834 4437 865 4486 10
883 4439 910 4486 et
925 4432 985 4484 Joh.
1004 4432 1175 4486 Schmidtium
1194 4432 1210 4483 Ι.
1230 4446 1252 4484 ο.
1271 4447 1296 4498 p.
1316 4433 1357 4484 28.
