3030 5266
557 575 775 642 -139-

93 747 223 838 etam:
262 758 374 826 eodem
405 759 635 847 Aristophanes
665 758 764 824 utitur
795 757 856 822 Ar.
888 759 950 826 218
980 746 1236 842 ἐλεφαντόδετον

92 858 273 950 φόρμιγγα.
295 867 509 934 -Extremo
530 869 600 934 loeo
621 867 721 933 effero
743 855 904 950 χροοὴρης
924 888 936 932 .·
955 865 988 934 J.
1003 865 1043 930 Τ.
1061 865 1138 931 129*
1151 871 1237 932 ναοῖο

92 963 274 1060 χρυσήρεις
295 967 473 1062 θοιγκούς;
505 976 546 1040 ei.
567 974 643 1041 Jon.
666 975 743 1041 157*
775 978 948 1060 χροοηρεῑς
967 964 1070 1052 oleon
1090 995 1119 1036 v.
1145 976 1233 1040 1154.

631 1600 833 1708 ΙΙΙ..

536 1847 805 1930 Attributiva.

648 2107 686 2189 L

174 2307 341 2386 Secunda
364 2311 532 2388 membra
557 2311 778 2412 simplicium
802 2311 959 2388 formam
983 2307 1163 2386 exhibent

569 2437 763 2538 integram.

182 2621 211 2712 ξ.
233 2629 283 2697 59.
326 2632 519 2698 Omsntium
533 2633 753 2721 epithetorum,
775 2633 891 2720 quibus
913 2630 1077 2696 abundant
1098 2633 1238 2695 earmina

106 2737 202 2821 epira,
224 2759 289 2802 non
310 2741 472 2807 minimam
494 2751 616 2828 partem
639 2743 722 2806 inter
743 2738 927 2805 attributiva
948 2759 1018 2802 esse
1039 2737 1237 2805 referendam

105 2839 230 2908 Curtius
247 2845 341 2911 docet
352 2850 463 2926 verbis
473 2849 556 2914 infre
573 2850 765 2936 appositis¹).
787 2850 837 2911 Ae
851 2845 1010 2934 profecto!
1026 2855 1111 2910 eerte
1126 2868 1237 2910 veren-

105 2947 175 3014 dum
195 2975 261 3016 non
282 2953 394 3019 fuisset
414 2958 482 3020 viro
499 2956 601 3042 docto,
624 2979 664 3022 ne
678 2957 808 3022 modum
829 2953 1005 3038 excederet,
1028 2955 1054 3018 si
1074 2977 1134 3040 pro
1149 2955 1235 3042 poesi

105 3059 191 3145 epies
223 3063 353 3126 omuino
375 3059 535 3129 Graecum
570 3085 745 3129 sermonem
778 3062 943 3152 posuisset.
985 3059 1069 3126 Nam
1100 3061 1236 3146 tragicos

106 3166 231 3250 quidem
252 3189 326 3232 uum
348 3192 458 3236 omnes
478 3182 544 3236 tum
566 3174 705 3237 maxime
729 3169 913 3257 Euripidem
934 3169 1091 3234 affirmare
1106 3192 1233 3256 possum

103 3273 246 3338 omnibus
278 3279 521 3364 compositomm
555 3283 732 3366 generibus
768 3279 940 3342 orationem
975 3299 1062 3342 susm
1099 3279 1234 3342 maxime

102 3400 232 3445 ornasse
261 3383 403 3470 inprimis
437 3387 640 3453 attributivis.
686 3386 754 3455 Sed
776 3396 896 3450 eeteros
917 3385 985 3449 aliis
1005 3385 1234 3472 relinquamus3

101 3488 189 3552 nobis
211 3511 282 3554 eum
306 3492 372 3557 solo
390 3493 540 3582 Euripide
562 3514 615 3558 res
635 3506 694 3564 est

177 3619 310 3710 Itsque,
339 3634 374 3690 ut
402 3627 506 3691 statim
534 3624 576 3692 ad
605 3627 822 3716 exemplorum
851 3625 1119 3690 enumerationem
1143 3647 1240 3688 aece-

100 3727 223 3816 dsmua,
265 3733 398 3820 primum
443 3735 574 3821 quidem
606 3759 623 3800 e
657 3734 780 3800 duobus
821 3733 1025 3798 substantivis
1057 3740 1245 3800 constent:

101 3943 292 3954 ——--—..

165 4081 184 4148 Ι)
203 4082 260 4134 Wis
286 4082 314 4134 in
337 4083 541 4136 ktinstlerisohsr
563 4085 732 4152 Darrtollung
757 4085 803 4140 das
829 4085 946 4140 Attribut
971 4085 1029 4138 dem
1057 4087 1159 4146 uota,
1187 4088 1250 4138 dem

98 4167 178 4219 Heron
195 4169 234 4220 ost
251 4171 279 4221 in
297 4171 344 4224 der
361 4174 477 4224 iamsten
499 4172 582 4222 Weiss
600 4173 653 4223 und
672 4174 738 4224 ohne
755 4174 805 4226 alle
818 4173 966 4240 Bsaishung
983 4175 1030 4224 sus
1046 4175 1092 4228 die
1114 4171 1251 4226 situation

98 4252 254 4320 bsigegebsn
272 4257 351 4320 rud,
377 4259 404 4308 ie
422 4257 533 4308 welohsr
550 4257 595 4308 der
612 4259 737 4312 Kunstlar
753 4259 798 4310 ibn
817 4275 864 4310 uns
882 4259 1007 4321 somnust,
1025 4274 1055 4310 so
1077 4259 1158 4314 diors
1177 4251 1252 4312 artri·

98 4337 202 4392 tauron
218 4341 387 4409 composite,
411 4343 453 4394 dis
470 4342 497 4394 in
514 4343 560 4394 der
577 4343 698 4410 episohsn
716 4343 807 4396 Possis
824 4345 899 4396 sinon
916 4345 1019 4412 missa
1035 4341 1122 4400 ‘risu
1142 4345 1192 4398 dor
1210 4341 1255 4392 ΝΥ

97 4424 133 4478 ria
149 4442 179 4478 so
197 4427 460 4486 mummolino
476 4429 583 4498 quiere
601 4431 719 4486 mutia
736 4429 831 4486 hildes·
865 4430 930 4486 ΙΙτΙ.ι
947 4447 972 4498 p.
993 4435 1049 4486 lot.
