3030 5266
568 613 792 678 ..123-

661 847 699 924 2.

227 1062 369 1148 Priora
396 1065 585 1150 membre
615 1067 758 1186 dativo
788 1069 992 1152 vertenda
1020 1081 1128 1154 sunt.

104 1313 140 1362 a.
196 1285 337 1364 Suffixa
370 1287 492 1366 activo
518 1315 630 1366 sensu
663 1290 832 1368 secundia
857 1290 1034 1368 membris
1059 1291 1247 1370 accedunt.

201 1501 221 1582 ξ
252 1499 301 1563 47.
358 1495 590 1585 Exemplorum
635 1497 696 1564 hae
741 1499 941 1587 paragrapho
987 1501 1248 1588 proferendomm

103 1627 260 1670 nnmerne
281 1603 410 1694 quidem
432 1603 526 1670 valde
549 1605 684 1690 exiguus
700 1616 756 1671 est.
799 1608 849 1671 Ac
869 1607 1004 1696 primum
1027 1609 1155 1694 quidem
1176 1610 1248 1675 ino

104 1710 256 1778 desinunt
278 1737 285 1777 :
305 1703 502 1796 τοξόδαμνος
522 1739 602 1779 στου
622 1739 773 1796 caeream,
795 1715 922 1780 υόποενιε
944 1739 952 1778 z
973 1715 1071 1803 Hipp.
1097 1718 1173 1782 1451
1195 1709 1249 1804 τὴν

102 1811 300 1902 τοξόδαμνον
312 1813 477 1906 ἸΑρτεμτν,
500 1844 564 1910 quo
586 1832 682 1909 poeta
696 1832 803 1886 noeter
825 1831 874 1885 eal
893 1822 1088 1908 Aeschylum
1109 1823 1248 1890 imitatus

104 1927 195 1994 Pare.
217 1929 260 1995 85
280 1920 475 2012 τοξόδαμνον
487 1921 581 2016 ’Ἀρτρ
607 1966 641 1979 -
666 1927 868 2010 munimine,
889 1949 951 2014 quo
972 1929 1089 1995 Bacchi
1110 1933 1248 2018 epitheto

105 2035 166 2122 frg.
191 2037 325 2112 475ο111
354 2027 550 2103 νυκτιπόλου
570 2037 733 2123 Ζαγρὲως
766 2035 807 2100 ad
830 2058 919 2100 sacra
951 2037 1000 2101 dei
1031 2048 1184 2104 nocturna
1205 2041 1248 2105 al-

105 2141 243 2226 luditnr;
275 2141 331 2210 sed
352 2143 498 2209 Bacchae
530 2148 627 2210 etiam
649 2155 749 2211 noctu
771 2155 926 2230 vagantes
957 2143 1068 2209 eodem
1099 2149 1247 2212 attributo

104 2261 299 2316 exornantur
326 2251 402 2319 Jon.
434 2253 530 2336 717*;
551 2292 595 2342 ··.
613 2244 804 2341 όλοφορβός
825 2274 836 2317 .·
855 2253 888 2320 J.
921 2249 960 2316 T.
992 2254 1050 2320 261
1078 2249 1152 2320 ἐπεὶ
1170 2259 1251 2339 βοῦς

110 2353 316 2444 ὀλσφορβσός
336 2349 450 2426 πόντον
464 2352 712 2446 εἰσεβάλλομεν,
735 2359 793 2425 uhi
808 2359 1044 2447 „descriptivis“
1066 2385 1107 2428 an
1122 2385 1246 2450 „neees-

107 2467 218 2536 εοείἰει
234 2468 392 2556 epitheton
408 2467 609 2534 inserendum
625 2481 713 2536 ercet
735 2469 898 2558 paulisper
920 2466 1048 2536 dubium
1070 2471 1142 2534 mihi
1163 2471 1248 2536 vide-

106 2575 217 2660 hetnr3
238 2573 294 2640 aad
315 2579 643 2663 poetea'eomparenti
665 2579 746 2643 mihi
768 2577 854 2642 hunc
874 2575 976 2642 locum
999 2601 1069 2642 curn
1091 2578 1168 2643 Hae.
1184 2577 1246 2667 Op.

104 2685 162 2752 591
186 2681 267 2768 βοός
287 2673 470 2769 ὀλοφόγοιο
493 2683 591 2772 κρόσς
611 2687 716 2750 omnis
744 2685 909 2773 serupulus
937 2708 976 2751 ex
997 2687 1101 2750 animo
1122 2688 1248 2772 penitus

107 2793 233 2858 avalena
255 2801 310 2857 aet.
352 2789 477 2856 Eodem
499 2801 606 2856 aulem
622 2793 716 2878 jure,
740 2814 932 2880 quamquam
955 2816 1019 2859 non
1039 2794 1136 2881 ipsius
1156 2793 1247 2860 Euri·

106 2900 187 2988 pidia
208 2909 267 2978 ert,
287 2901 379 2966 etiem
401 2887 596 2986 ὀρειδρόμος
618 2923 626 2964 :
646 2899 682 2966 J.
706 2903 749 2966 Α.
771 2898 874 2992 [1593]
905 2897 1025 2990 ἔλαφον
1056 2893 1249 2987 ὀρειδρόμον

107 3011 167 3074 huc
217 3007 334 3073 referre
386 3009 527 3094 poteria,
579 3006 666 3096 quod
723 3013 887 3096 aptissime
946 3033 1017 3076 cum
1068 3010 1247 3075 Homericis

107 3117 221 3200 leonia,
249 3115 332 3203 lupi,
354 3113 500 3181 draconis
522 3115 669 3202 epithetis
690 3114 911 3206 ὀρεσίτροφος
931 3119 994 3204 (Μ.
1016 3117 1098 3201 299,
1121 3117 1149 3197 ζ.
1174 3120 1247 3204 130)

110 3233 141 3288 et
158 3217 327 3309 ὀρέστερος
346 3225 404 3308 (Χ.
425 3222 475 3304 93,
497 3248 525 3287 κ.
546 3223 625 3308 212)
648 3239 862 3312 eomparatur.
884 3263 925 3276 -
945 3225 1104 3294 Suffixum
1122 3248 1246 3313 eprae-

112 3341 196 3398 tero·
214 3340 346 3420 apparet
375 3332 408 3396 in
433 3321 602 3416 ὀρεινόμος
624 3353 632 3395 :
657 3331 737 3397 Her.
759 3334 819 3400 fur.
840 3335 920 3399 364*
940 3327 1107 3420 ὀρεινόμον
1127 3329 1248 3420 ὀγρόων

117 3428 301 3523 Κενταύρων
312 3437 391 3504 ποτδ
404 3439 532 3524 plum
557 3475 590 3488 -
617 3434 819 3527 ὀλόρροθσς,
841 3463 904 3528 quo
926 3445 1057 3529 egregia
1077 3441 1248 3530 Euripides

116 3548 222 3612 όοσοοε
253 3545 415 3634 depingit,
450 3546 506 3633 qui
542 3567 577 3610 ee
599 3545 727 3611 illidunt
758 3549 791 3613 in
821 3548 911 3613 litore
932 3551 1097 3637 scopuloso
1119 3574 1127 3614 z
1148 3549 1246 3638 Hipp.

118 3657 190 3722 12οό
209 3651 259 3731 εἷς
272 3651 504 3741 δ’ὀλιρρόθους
518 3644 618 3729 darae
631 3648 880 3743 ὀπσβόλψοντες
899 3651 985 3742 ἱερόν
1005 3651 1132 3739 τῖδομεν
1144 3663 1246 3740 κῦμος

117 3763 153 3826 ei.
174 3763 286 3826 Aeeeh.
301 3761 392 3829 Pera.
414 3762 456 3828 36
477 3753 601 3846 πόρους
614 3753 819 3850 ὀλιρρόθους
840 3763 924 3852 qnod
942 3763 1026 3830 idem
1041 3763 1135 3830 etiarn
1149 3765 1247 3854 Soph.

119 3869 166 3955 Aj.
185 3869 246 3934 412
273 3870 399 3956 legitur.
441 3868 602 3936 Secunda·
622 3889 697 3954 pare
725 3872 897 3958 repetenda
929 3881 977 3937 eet
998 3893 1017 3938 a
1038 3872 1249 3940 determinate

22 4043 23 4064 ρ
120 3975 215 4042 radice
234 3975 313 4066 ρυῑ)
336 3975 516 4064 (liapheri
536 3976 591 4061 (cf.
613 3973 825 4062 ριν-θ-μός’)
847 4015 887 4030 --
908 3979 961 4044 De
982 3973 1154 4056 ἁλίκτιπος
1172 3982 1248 4064 flue-

122 4099 198 4150 εκοεο
218 4085 306 4152 mari
321 4098 462 4174 crepera
484 4107 492 4150 :
514 4081 614 4172 Hipp.
638 4084 717 4152 754*
747 4079 876 4152 πόντιον
896 4081 968 4169 κῦμ’
988 4083 1165 4154 ὀλίκτυπσν
1185 4076 1248 4154 ἃ).

186 4369 204 4436 ¹)
221 4371 293 4422 Cure
313 4371 369 4424 Gr.⁴
387 4389 412 4440 p.
431 4378 488 4426 3114.

182 4461 203 4530 ¹)
220 4461 281 4516 ibid.
298 4479 323 4532 p.
342 4467 383 4529 hh,
401 4469 442 4518 66.
