3072 5278
759 612 948 674 „10-

290 791 345 855 ubi
376 790 457 856 aries
490 791 542 856 ille
573 800 749 878 spectetur,
783 790 822 856 de
853 814 915 879 quo
949 801 1059 878 postes
1090 793 1174 856 inter
1195 791 1369 878 Thyestem
1392 799 1423 855 et

291 900 426 963 Atreum
449 900 664 964 controversis
685 909 796 965 exorta
817 910 864 964 est
878 897 948 984 (Or.
962 887 1058 981 998*;
1080 899 1112 965 J.
1128 899 1167 963 Τ.
1188 900 1271 981 812).
1301 897 1423 964 Contra
1494 887 1495 960 i

290 1008 428 1094 epitheta
449 1029 524 1072 vere
546 1009 691 1072 ornantis
712 1007 811 1071 hebes
821 1010 854 1070 in
876 1003 1085 1092 χρυσοκέρατ’
1108 1003 1231 1094 ἔλαφον
1251 1007 1324 1072 Hel.
1341 1007 1422 1072 381*

290 1115 344 1198 (cf.
365 1116 425 1201 frg.
449 1115 557 1199 740*);
578 1109 635 1178 τδν
645 1107 879 1200 χρυσοκάρανον
898 1107 1016 1200 δόρκαν
1038 1115 1115 1180 Her.
1138 1116 1197 1180 fur.
1218 1117 1332 1198 375*);
1348 1137 1423 1178 num
1494 1097 1495 1182 Ῐ

288 1215 507 1308 χροοόμαλλος
527 1231 655 1308 praeter
676 1221 817 1286 laudatos
839 1223 924 1286 locos
945 1245 1010 1286 non
1033 1223 1200 1287 invenitur.

370 1330 420 1393 Ad
443 1339 621 1394 extremum
642 1329 682 1393 sd
703 1328 1022 1414 personificationem‚
1044 1330 1145 1414 quslis
1160 1351 1223 1393 non
1245 1351 1316 1394 raro
1338 1351 1422 1394 com·
1494 1311 1495 1314 Ἴ

289 1437 399 1522 positis
431 1437 465 1500 fit
495 1437 660 1524 epithetis,
695 1436 757 1519 ism
779 1436 830 1499 hic
850 1437 958 1521 paucis
983 1437 1121 1500 animum
1155 1437 1326 1501 advertam.
1370 1438 1424 1502 Ac
1494 1469 1495 1472 ¹

288 1566 344 1631 per
366 1565 399 1608 se
421 1544 549 1630 quidem
569 1543 778 1628 intellegitur,
802 1543 876 1607 telis
892 1542 1039 1628 epitheta,
1062 1545 1210 1630 quonism
1232 1553 1265 1608 et
1285 1545 1355 1630 ipss
1369 1554 1424 1609 sut
1494 1523 1495 1550 ³

289 1653 467 1716 necessaris
489 1661 569 1735 sunt,
591 1660 645 1716 sut
665 1651 864 1737 descriptiva,
887 1660 943 1714 sut
966 1651 1128 1734 ornantis,
1151 1652 1257 1715 omnia
1287 1651 1335 1714 his
1367 1653 1421 1715 tri·
1494 1635 1495 1710 Ῐ

288 1759 346 1822 bus
356 1760 572 1846 exemplorum
582 1758 733 1824 classibus
743 1780 811 1822 csse
819 1757 993 1823 inserenda.
1005 1757 1059 1824 Sic
1067 1759 1243 1822 necessarie
1254 1769 1423 1822 occurrunt

205 1933 208 1942 ,
287 1869 319 1932 in
331 1857 531 1949 δμερδκοιτοι
544 1865 664 1947 βλαχαὶ
677 1863 821 1951 σμλκρῶκ
841 1865 956 1931 τεκέων
970 1865 1064 1954 Oykl.
1083 1868 1158 1950 58*;
1180 1860 1289 1946 χάσμα
1299 1858 1421 1954 ια’ροω·

288 1968 348 2040 cdv
357 1974 481 2058 πέτρας
500 1974 532 2041 J.
549 1975 587 2037 T.
605 1975 683 2055 6263
707 1969 851 2058 διαρριδξ
864 1965 1009 2055 κυμάτων
1030 1969 1189 2048 κοιλωπὸς
1210 1966 1311 2060 α’ρμός
1331 1974 1366 2040 J.
1382 1975 1421 2039 Τ.
1494 2003 1495 2006 ’

286 2082 356 2148 263.
404 2081 525 2148 Contra
555 2083 719 2146 manifesto
748 2092 821 2146 sunt
851 2081 1041 2169 descriptiva
1062 2083 1093 2144 in
1120 2079 1171 2156 τίς
1201 2073 1253 2167 ἄρ’
1284 2077 1373 2166 ὄρνις
1402 2077 1423 2170 ἤ

287 2184 388 2276 δρυδς
408 2183 429 2275 ἢ
450 2183 565 2266 ἐλάτας
586 2180 778 2275 ἀκροκόμοις
800 2180 885 2274 dupe
906 2182 1041 2264 κλάδοις
1055 2186 1187 2269 ἑζομένα
1209 2188 1274 2253 κτλ.
1299 2189 1421 2255 Phoen.

290 2298 401 2382 1516*3
432 2295 489 2363 τδν
517 2288 752 2380 μελαμπαπλον
773 2288 914 2362 Θάνατον
935 2297 1005 2361 ΑΙα.
1035 2299 1118 2379 843;
1147 2296 1424 2383 χιονοθρέμμοκας

286 2400 409 2470 Ἰδαιᾶν
432 2407 571 2489 Νυμφᾶν
593 2405 729 2480 οκοπλας
749 2406 822 2471 Hel.
846 2406 951 2471 1323*.
989 2405 1143 2471 Ornsntiu
1165 2404 1301 2491 denique
1323 2406 1423 2470 hebes

287 2515 317 2577 in
328 2504 541 2596 χροοτόνοιτον
561 2513 692 2579 οἰοπλδα
704 2513 764 2598 frg.
779 2515 856 2595 1593
880 2512 1137 2598 καλλιβλέφαρον
1155 2516 1228 2594 φοῖς
1243 2512 1267 2578 J
1268 2535 1319 2576 on.
1334 2515 1421 2579 189*.

285 2621 377 2685 Haec
397 2622 491 2705 igitur
512 2631 546 2686 ct
567 2621 678 2686 similis
699 2623 887 2708 quamquem
910 2643 969 2707 per
990 2642 1024 2684 se
1045 2619 1173 2707 quidem
1194 2639 1257 2682 uon
1280 2629 1344 2704 cst,
1366 2643 1423 2684 cur

287 2728 436 2794 coeteris
468 2729 712 2815 uniuscujusque
745 2729 852 2793 classis
872 2730 1023 2816 exemplis
1043 2736 1247 2794 secernentur
1259 2777 1268 2811 ,
1300 2734 1421 2810 tamen}

286 2857 349 2922 quo
372 2835 494 2900 facilins
515 2837 726 2923 intellegatur,
749 2846 903 2923 quatenus
927 2837 979 2900 hic
993 2857 1118 2922 quoque
1133 2834 1216 2922 apud
1233 2833 1422 2922 Euripidem
1494 2835 1495 2870 ³

287 2942 495 3028 epithetorum
516 2965 591 3008 usus
612 2953 736 3030 petest,
764 2965 829 3008 non
848 2944 959 3007 inutile
979 2943 1055 3007 mihi
1082 2944 1183 3007 visum
1213 2951 1277 3023 est,
1307 2953 1421 3029 querto

287 3051 388 3136 capite
420 3053 525 3116 omnis
557 3051 840 3138 personificstionis
871 3052 1016 3138 exempla
1045 3072 1110 3117 uus
1141 3048 1420 3136 comprehendere.

763 3519 883 3664 cnr.
914 3579 945 3661 ι.

637 3733 639 3738 ’
662 3737 819 3825 Epithets
838 3741 1036 3808 necessaris

368 3899 388 3977 ξ
410 3895 440 3962 3.
483 3896 604 3963 Omnes
618 3898 685 3962 fere
704 3897 763 3962 viri
776 3898 868 3980 docti,
878 3898 926 3962 his
938 3900 1133 3985 temporibus
1147 3901 1178 3963 in
1194 3920 1232 3964 eo
1240 3903 1422 3966 consentire

285 4002 432 4066 videntur
454 4024 471 4066 e
493 4003 666 4067 notissimis
685 4026 741 4069 sex
769 4006 1014 4092 compositorum
1041 4007 1211 4090 classibus,
1234 4008 1346 4093 quales
1368 4032 1421 4074 ve-

285 4116 387 4172 terum
408 4107 561 4173 Indorum
581 4109 709 4195 linguae
730 4113 878 4198 propriae
900 4120 989 4196 sunt,
1020 4135 1089 4177 esse
1110 4121 1176 4178 tres
1197 4112 1292 4178 modo
1316 4114 1420 4182 deter-

285 4217 521 4302 minativorum,
555 4213 783 4305 dependendae
802 4220 1079 4307 compositorum,
1102 4221 1358 4287 attributivorum
1387 4225 1418 4288 in
1461 4279 1468 4304 ,

287 4321 446 4390 Graecum
475 4347 649 4389 sermonem
687 4327 931 4392 transferendas.
974 4327 1024 4396 Ac
1062 4329 1188 4416 copiose
1220 4328 1348 4414 quidem
1381 4329 1420 4396 de

286 4430 398 4494 horum
419 4442 529 4496 nature
551 4453 709 4520 exponere
725 4454 993 4521 supervacaneum
1008 4435 1076 4520 erit,
1097 4437 1172 4521 quis
1193 4445 1256 4502 tem
1277 4437 1374 4523 plane
1389 4447 1422 4504 ct
