3076 5294
601 681 639 693 —
683 645 754 710 189,
784 681 820 694 -

143 827 243 914 pertis
269 828 423 916 exemplis
452 828 603 914 colligere
631 827 722 893 uobis
742 827 871 908 liceret,
893 833 981 891 oerte
1000 847 1067 890 non
1086 823 1279 891 mediocrem

143 932 280 1000 indolem
309 935 391 1000 illius
421 935 579 1022 poetieam
610 935 708 999 fuisse
739 934 903 1000 fatendum
932 941 1025 998 esset.
1079 931 1174 998 Nune
1203 953 1281 997 vero

144 1041 239 1106 etium
260 1051 426 1130 praeterea
448 1044 522 1107 setis
544 1041 638 1106 nobis
659 1041 733 1108 dete
755 1050 804 1106 est
824 1049 966 1128 potestas
988 1041 1073 1106 illem
1093 1039 1280 1107 admirandi.

143 1147 228 1214 Nem
258 1171 340 1237 quoe
359 1171 444 1214 nune
465 1149 612 1235 exempla
634 1156 873 1214 enumeraturus
896 1170 965 1212 sum
988 1146 1120 1213 eudenio
1140 1155 1174 1212 et
1187 1146 1281 1212 liber-

144 1265 209 1321 tste
228 1255 352 1322 dicendi
374 1265 498 1337 eetere,
532 1276 613 1342 quse
634 1255 797 1341 hueusque
811 1255 983 1337 nominavi,
1003 1255 1110 1319 omnia
1129 1274 1282 1339 superero

144 1362 297 1428 videntur.
344 1365 397 1428 An
430 1385 513 1450 quse
546 1363 647 1446 mejor
681 1363 814 1446 eogitari
846 1370 952 1449 potest
985 1359 1108 1426 dieendi
1140 1360 1280 1443 eudeoie,

144 1492 236 1556 quem
259 1493 305 1552 ee,
327 1471 412 1556 quod
434 1473 579 1556 angustis
599 1471 693 1534 unius
715 1469 880 1556 compositi
895 1469 1026 1557 epitheti
1047 1468 1163 1534 finibus
1185 1468 1282 1532 totius

144 1577 296 1642 enuntiati
317 1578 368 1642 vel
388 1577 633 1665 praepositionis
666 1599 736 1641 oum
759 1599 834 1642 oeeu
854 1575 1030 1665 pedisequo
1052 1598 1163 1644 sensus
1183 1575 1282 1640 inolu-

145 1683 254 1749 ditur?
284 1683 370 1750 Nem
403 1685 535 1771 epitheti
563 1706 622 1772 pro
644 1686 793 1769 genetivo
816 1707 908 1749 usum
929 1683 1015 1750 houd
1038 1686 1082 1748 ite
1104 1684 1282 1766 extulerim,

143 1792 259 1882 quippe
281 1792 336 1879 qui
357 1791 441 1878 spud
463 1791 619 1880 pedestris
633 1791 729 1858 etiem
744 1791 894 1858 orationis
917 1793 1086 1880 seriptores
1101 1792 1282 1858 invenietur

144 1920 202 1964 neo
216 1899 320 1964 locum
336 1900 437 1966 solum
448 1900 481 1964 in
493 1898 798 1987 oompositishebeet
812 1898 969 1986 epithetis,
984 1899 1149 1964 sedetiam
1164 1899 1196 1962 in
1211 1899 1282 1962 sim·
1354 1893 1356 1898 ’

145 2005 285 2090 plicibus.
299 2004 765 2093 Contrapriorailleertifioiosi
773 2006 980 2071 dioeudiusus
991 2029 1111 2094 genere
1120 2015 1283 2094 poetarum

145 2113 243 2178 solnm
261 2114 390 2201 proprie
409 2123 483 2179 sunt
501 2114 678 2200 eodemque
700 2136 720 2179 e
736 2115 940 2202 simplicibus,
958 2114 1063 2196 oredo,
1082 2114 1283 2180 alienissime.

146 2218 283 2285 Omnino
298 2230 405 2287 eutem
420 2224 454 2286 in
471 2230 537 2286 tres
550 2222 646 2306 hujus
660 2222 760 2308 pertis
776 2222 995 2308 exemplorum
1011 2222 1128 2287 olesses
1141 2220 1219 2284 mihi
1234 2242 1283 2285 oe·

146 2326 219 2392 dere
240 2328 396 2414 videntur,
417 2351 500 2414 quoe
526 2328 565 2394 de
580 2330 681 2393 mirso
704 2327 843 2415 quodam
864 2328 1136 2415 breviloquentiee
1156 2349 1284 2413 genere,

26 2493 27 2508 ,
147 2436 196 2498 oui
217 2437 391 2523 composite
412 2436 538 2502 Greeoe
559 2458 624 2500 non
653 2456 726 2500 roro
748 2437 936 2519 inserviunt,
966 2435 1129 2500 Mioheelis
1151 2434 1282 2514 Brou1)

146 2542 228 2608 huno
261 2543 294 2607 in
322 2543 451 2608 modum
486 2543 628 2632 disputet
661 2566 669 2607 ε
704 2567 764 2630 ,on
800 2543 866 2608 sos't
906 2566 966 2629 que
986 2543 1031 2608 les
1059 2553 1168 2630 polites
1194 2565 1284 2631 prece

142 2759 297 2842 position,
325 2783 409 2846 pour
440 2759 596 2844 enfermer
627 2781 665 2822 en
692 2782 736 2824 un
763 2757 832 2822 seul
859 2771 922 2824 mot
943 2757 1027 2824 ἆσσω
1047 2757 1132 2822 idon
1150 2757 1281 2841 famant

144 2878 307 2949 contrane,
328 2880 357 2931 et
374 2866 538 2953 frappant
558 2866 680 2952 l'espn't
699 2889 774 2930 aveo
794 2865 942 2932 d‘outuru
948 2866 1029 2952 plus
1043 2865 1083 2930 da
1100 2865 1192 2949 foros
1205 2864 1284 2951 qu's'l

144 2987 190 3038 est
209 2973 310 3061 ohliqe
328 2973 367 3040 de
386 2988 511 3054 trouoer
531 2973 688 3039 lui-meme
707 2974 736 3038 le
756 2974 830 3054 lehn,
851 2975 910 3059 qui
927 2974 971 3038 leo
992 2971 1171 3050 nereosble“.

592 3279 838 3287 -—.—.-——-.

636 3593 756 3682 CAP.
786 3593 819 3680 Ι.

226 3802 383 3890 Epithetn
402 3821 463 3890 pro
483 3804 764 3874 mistsutlvornn
784 3805 950 3889 gerstun
970 3805 1080 3891 posits
1101 3804 1189 3871 suut

227 3988 249 4066 ὅ
268 3986 319 4051 81.
361 3984 456 4065 Quod
478 4009 542 4052 nou
561 4009 635 4052 rero
649 3989 734 4075 apud
749 3985 927 4053 Homerum
945 3987 1014 4074 jem
1034 3985 1177 4052 occidere
1198 3985 1284 4052 vide

145 4115 234 4174 mus,
254 4102 290 4158 ut
316 4093 509 4180 adjectivum
532 4117 591 4182 pro
614 4097 766 4181 genetivo
789 4096 978 4161 substantivi
999 4095 1135 4182 positum
1157 4095 1208 4174 sit,
1230 4116 1285 4158 ve·

145 4201 193 4264 lut
223 4201 256 4264 in
289 4201 452 4266 notissimo
483 4195 633 4284 νόστιμον
653 4192 740 4288 ἦμαρ
776 4203 822 4288 (α.
844 4204 890 4287 9),
911 4195 1074 4289 σιδήρειος
1095 4192 1288 4287 ὀρυμαγδός

218 4501 239 4570 ¹)
257 4503 309 4554 Iaso
327 4502 399 4554 idees
417 4505 527 4556 latentes
544 4503 579 4554 du
598 4505 707 4571 lengsge
726 4504 811 4570 (Poris
831 4509 906 4573 1888)
925 4522 950 4572 p.
971 4510 1008 4558 18.

26 2689 27 2702 1
145 2663 198 2714 out
223 2665 351 2716 sonuerit
371 2653 433 2716 tire
452 2676 497 2716 un
523 2652 618 2738 parti
635 2648 813 2716 admirable
844 2649 884 2716 de
903 2663 978 2716 cette
996 2649 1121 2735 facultt
1142 2648 1182 2714 de
1202 2673 1281 2714 eoru-
1359 2657 1362 2691 ¹

1364 2942 1369 3005 ¹.
