3030 5266
633 888 668 990 1.

472 1121 820 1206 Determinativa.

163 1332 184 1410 ὅ
198 1331 247 1396 40.
288 1329 543 1396 Determinativa
556 1339 591 1395 ut
605 1330 773 1395 maximam
790 1329 1078 1414 „necessariornm“
1094 1339 1215 1418 partam

74 1437 260 1520 effecerunt,
280 1438 325 1504 sio
340 1437 638 1524 „descriptivorum“
654 1457 820 1500 numerum
841 1437 1113 1522 comprehendunt
1126 1437 1215 1508 mini-

73 1567 175 1610 mam.
196 1542 264 1608 Nec
284 1545 343 1608 hoo
363 1544 476 1612 mirum
497 1545 644 1630 cuiquam
665 1542 833 1626 videbitur,
856 1544 951 1609 modo
967 1552 1074 1610 teneat
1088 1544 1215 1610 omnino

74 1651 140 1715 hoc
167 1652 405 1740 compositorum
435 1674 536 1738 genus
558 1651 656 1714 multo
691 1651 795 1714 minus
816 1671 894 1736 prae
916 1673 951 1714 se
970 1649 1055 1716 ferre
1077 1652 1214 1737 speciem

75 1761 245 1844 poeticam,
266 1782 360 1846 quam
382 1759 565 1824 attributiva
585 1766 617 1824 et
631 1755 862 1844 dependentiae
877 1758 1060 1845 composita.
1102 1758 1214 1844 ltaque

77 1877 209 1953 propter
231 1867 381 1952 exiguum
401 1888 567 1931 numerum
590 1865 796 1951 segregandis
817 1864 939 1932 duobus
964 1865 1168 1930 nominalium
1184 1875 1216 1930 et

76 1973 253 2038 verbalium
298 1973 513 2061 exemplorum
557 1973 735 2058 agminibus
779 1972 871 2038 facile
913 1973 964 2036 hic
1010 1973 1216 2060 supersedere

77 2101 246 2164 masumus
312 2103 385 2145 nam
443 2090 570 2169 praeter
626 2080 786 2145 laudatum
841 2080 911 2165 jam
966 2072 1216 2165 χαλκεομὴοτωρ

77 2187 196 2254 Troad.
224 2189 284 2256 211
312 2192 347 2272 (ξ
367 2189 423 2274 39)
443 2199 475 2254 et
495 2179 622 2263 ἐνάλιος
653 2190 711 2274 (Η)
733 2188 905 2254 nominalis
927 2190 1052 2252 omnino
1074 2209 1139 2252 non
1162 2190 1215 2254 in·

77 2299 256 2364 veniuntur.
297 2295 369 2372 Hoc
402 2306 505 2362 autem
539 2295 663 2380 remigii
695 2295 856 2383 epitheton
890 2303 938 2360 est
969 2293 1048 2360 Hac.
1070 2297 1111 2362 39
1132 2291 1215 2381 πρός

78 2393 166 2470 alnov
199 2394 388 2480 εὐθύνοντες
419 2399 549 2470 ἐναλίαν
568 2395 711 2488 πλάτην,
743 2423 879 2488 quocum
912 2401 950 2468 cf.
973 2402 1091 2468 Troad.
1117 2404 1214 2471 1095*

77 2503 239 2580 ἔνολλαιοι
259 2503 401 2587 πλάναις
421 2521 454 2578 st
475 2511 547 2578 Hel.
569 2511 631 2577 526
652 2505 784 2596 εἰναλίῳ
809 2503 916 2596 κώπᾳ,
939 2531 1020 2596 quae
1042 2521 1091 2576 cst
1110 2512 1214 2578 forma

79 2617 249 2686 Homerica
268 2620 314 2704 (a.
335 2620 397 2686 443
416 2617 467 2694 ric
486 2609 547 2703 γάρ
567 2613 726 2701 κέἰναλλῳ
750 2612 843 2704 παραὶ
863 2609 951 2704 κήτει
970 2615 1141 2705 κοιμηθείη
1150 2621 1173 2706 3)

158 2729 179 2808 ἓ
198 2729 250 2794 41.
292 2727 352 2794 His
373 2727 562 2792 enumeratis
584 2726 630 2790 nil
648 2724 794 2813 impedit,
824 2726 992 2811 quominus
1012 2724 1051 2792 ad
1073 2726 1214 2792 verbalia

79 2837 182 2900 atatim
203 2845 418 2917 transeamus,
440 2855 573 2922 quorum
595 2832 723 2920 quidem
744 2854 826 2921 quae
846 2833 961 2901 suffixo
984 2853 1002 2899 o
1022 2832 1213 2900 concludun-

79 2949 131 3008 tur
158 2942 295 3032 primum
322 2943 425 3008 locum
455 2943 626 3009 obtineant
681 2943 731 3008 Ac
764 2943 901 3028 primum
928 2941 1057 3027 quidem
1078 2943 1212 3008 tonitrua

78 3049 239 3135 epitheton
262 3059 311 3116 est
329 3043 540 3138 βαρύβρομος
562 3072 570 3114 :
592 3049 712 3116 Phoen.
736 3049 814 3114 182*
834 3041 1044 3135 βαρύβρομοι
1065 3043 1214 3134 βρονοαλς

79 3155 160 3222 idem
180 3157 221 3225 de
235 3159 451 3228 instrumentis
473 3159 600 3226 musicis
623 3156 826 3245 praedicatur
847 3181 855 3222 2
877 3156 994 3226 Bacch.
1013 3157 1090 3224 156*
1104 3163 1213 3245 βαρυ-

79 3256 205 3350 βρόμων
234 3260 304 3330 iuri
332 3255 523 3348 ουμπολνων;
559 3264 634 3331 Hel.
665 3266 762 3334 1351*
791 3260 1002 3352 βαρύβρομον
1041 3254 1151 3332 αὐλόν.
1176 3301 1210 3314 -

81 3371 250 3440 Manifesta
269 3373 401 3440 Homeri
422 3373 556 3440 imitatio
578 3382 626 3440 est
647 3373 680 3440 J.
702 3374 743 3440 Δ.
765 3373 855 3457 201*,
877 3373 932 3441 ubi
954 3372 1116 3440 Achilleus
1137 3370 1212 3436 λαι-

80 3471 289 3568 ψρροδρόμος
308 3481 504 3568 appellatum
525 3491 558 3545 at
578 3491 673 3568 poeta
694 3481 802 3568 opicus
824 3481 956 3568 simplici
979 3470 1142 3566 λαιψηρὸς
1155 3477 1214 3546 tuit

81 3599 243 3656 contentus
277 3592 331 3672 (Φ.
352 3590 436 3674 264).
479 3588 627 3678 Euripidi
658 3598 763 3656 autem
795 3588 873 3654 illud
895 3609 960 3653 non
982 3587 1120 3670 suffecit,
1149 3609 1212 3673 quo

80 3698 193 3782 pedum
225 3696 358 3762 Achillis
390 3698 584 3764 celeritatem
619 3696 760 3782 efferret3
789 3719 865 3761 nam
895 3695 978 3760 idem
1005 3696 1098 3760 etiam
1118 3686 1213 3776 οαχιλ

80 3823 179 3892 παρος
220 3795 308 3876 πόδα
338 3805 388 3872 ΕΙ.
423 3805 503 3872 451*
516 3807 542 3890 ¹)
578 3805 767 3872 nominatur.
833 3803 956 3870 Eadem
993 3823 1072 3868 voce
1117 3803 1212 3868 etiam

146 4131 166 4198 ι)
182 4131 268 4184 Verba
283 4131 321 4184 ita
336 4133 474 4185 cohaerent
491 4149 498 4183 1
516 4138 585 4190 ἔνθα
602 4127 688 4209 nario
705 4127 821 4202 innisus
838 4139 929 4210 νρλφιν
945 4121 1055 4186 'mair
1074 4131 1129 4200 οὸς
1142 4137 1213 4189 oar.

80 4217 123 4288 λος
138 4215 251 4275 aivitiae
268 4213 343 4292 γὸνον
361 4215 512 4295 auximana
528 4215 588 4274 οόδ’
606 4213 755 4295 hepaticam,
773 4219 818 4271 ubi
837 4231 937 4272 comma
953 4231 970 4266 a
985 4215 1213 4284 1111111111οῶ0ροί-

81 4303 137 4356 dam
153 4313 211 4370 poet
236 4300 314 4379 yieov
338 4305 450 4372 positum
476 4305 571 4356 auem
592 4303 748 4380 ταχύπορον
774 4320 834 4358 cum
851 4304 966 4357 Seidlaro
989 4301 1023 4352 ad
1046 4302 1130 4370 ipsum
1148 4303 1213 4354 illud

80 4385 153 4464 γῦνον
179 4392 271 4442 resero.
307 4389 466 4467 Ταχύοορος
489 4385 561 4446 πόδα
586 4389 604 4442 1.
622 4405 644 4442 ο.
679 4383 766 4460 πόδας
791 4391 823 4442 ad
849 4391 918 4443 idam
944 4389 1025 4453 redit,
1051 4405 1102 4456 quo
1128 4385 1214 4464 οοχὲς

81 4471 162 4548 πόλις
179 4476 260 4528 Anu.
279 4481 351 4530 1111.

968 4560 1015 4628 8*
