3072 5278
742 607 946 672 ..56-

282 787 349 852 dari
370 785 535 850 videbatur
556 787 743 874 explicati03
778 808 876 874 quare
895 787 926 850 in
948 786 1008 852 hac
1029 785 1125 850 malui
1156 805 1252 872 quam
1273 786 1304 848 in
1327 794 1410 848 ante-

281 892 405 960 cedenti
434 895 635 981 paragrapho
666 893 719 959 illa
748 895 897 982 proferre.
919 931 958 943 -
989 892 1044 958 Ad
1077 901 1254 957 extremum
1276 890 1315 955 de
1335 913 1412 956 voce

195 1040 197 1050 =
279 994 729 1088 soratnomg'conjectursm
763 1001 867 1067 facere
900 1001 1003 1068 liceat.
1048 1000 1098 1066 Ac
1130 1007 1252 1088 partem
1285 997 1410 1086 quidem

279 1108 372 1195 hujus
413 1109 551 1194 priorem
600 1113 671 1173 cu'm
723 1109 822 1173 verbo
875 1107 1010 1195 quodam
1057 1109 1225 1171 cohaerere
1278 1102 1410 1189 rotato,

279 1216 365 1301 quod
412 1215 580 1303 aliquando
633 1217 789 1281 exstitisse
851 1214 1044 1280 eredendum
1092 1222 1159 1296 est,
1198 1212 1266 1300 jam
1308 1234 1409 1300 nuper

281 1322 409 1389 Curtius
433 1322 662 1387 demonstravit
674 1324 700 1403 ¹)
722 1323 776 1407 (ef.
797 1327 817 1405 ξ
839 1324 867 1404 8,
889 1323 909 1387 6
930 1345 960 1409 p.
982 1322 1037 1405 32)
1060 1342 1118 1385 nee
1140 1319 1179 1384 de
1204 1320 1304 1384 altera
1325 1329 1413 1408 parte

279 1429 363 1494 idem
373 1429 425 1493 ilie
440 1451 569 1515 prorsus
580 1430 714 1512 reticuit,
737 1451 832 1515 quam
847 1452 866 1495 s
880 1428 985 1494 radice
1004 1449 1067 1514 περ
1078 1429 1104 1511 ²)
1127 1426 1411 1513 emanavissejudi·

280 1547 338 1602 eat.
380 1536 453 1601 Hoc
474 1546 579 1601 autem
600 1537 758 1623 quomodo
779 1535 899 1601 factum
920 1557 990 1602 esse
1010 1536 1069 1601 sibi
1089 1535 1226 1620 tingeret
1259 1535 1309 1598 vir
1342 1534 1412 1599 dcc·

279 1645 416 1708 tissimus
446 1644 608 1732 hucusque
638 1644 768 1731 quidem
796 1642 934 1709 nondum
967 1644 1121 1731 exposuit.
1175 1640 1283 1720 Quare
1305 1652 1412 1707 nostro

279 1753 382 1818 Marte
414 1773 564 1817 conemur
596 1753 654 1817 hac
685 1753 718 1816 in
746 1775 782 1817 re
812 1751 992 1840 procedere.
1034 1750 1147 1838 Itaque
1173 1773 1193 1816 a
1220 1750 1328 1815 radice
1351 1771 1413 1836 περ

281 1860 392 1926 eadem
420 1862 535 1926 vocalis
557 1861 824 1947 exaggeratione,
859 1860 959 1947 qualis
978 1861 1012 1924 in
1032 1850 1106 1944 φώρ
1129 1859 1172 1943 (V
1199 1858 1294 1944 φερ),
1317 1858 1414 1939 δῶμα

280 1965 325 2053 (V
353 1969 429 2052 δεμ)
456 1968 524 2034 aliis
545 1969 742 2054 conspicitur,
766 1968 995 2032 substantivum
1016 1973 1130 2053 πώρον
1150 1967 1329 2053 profectum
1345 1987 1412 2032 esse

280 2075 496 2140 contenderim
525 2096 620 2139 sensu
648 2073 756 2138 Latini
781 2074 991 2160 pesa-culum.
1033 2070 1128 2151 Quod
1159 2077 1184 2137 si
1206 2073 1281 2139 mihi
1302 2094 1411 2140 conce·

281 2181 365 2246 ditur
384 2181 594 2277 saturno&
621 2182 756 2268 primum
783 2183 869 2245 valet
889 2204 898 2244 τ
919 2181 1055 2246 tolmone
1069 2181 1228 2277 peracuto,
1264 2179 1410 2245 deinde:

279 2291 384 2370 ms'ser,
404 2290 532 2375 infodere.
564 2287 731 2354 Invenitur
751 2289 800 2353 his
814 2289 890 2353 loeis
911 2312 918 2353 :
941 2277 1044 2356 Andr.
1059 2267 1271 2371 '57'iJ'1206*;
1296 2286 1412 2352 Bacch.

280 2397 360 2480 2803
381 2396 461 2461 Hec.
483 2397 532 2478 25,
557 2397 654 2480 1170,
683 2396 756 2460 Hel.
779 2397 827 2479 78,
849 2397 930 2478 608,
952 2395 1002 2459 ΕΙ.
1025 2395 1104 2478 334,
1135 2393 1213 2458 Her.
1235 2395 1296 2458 fur.
1321 2394 1410 2460 1233.

282 2503 394 2591 Suppl.
422 2503 498 2588 734,
520 2504 596 2587 765,
625 2504 703 2587 949,
724 2504 820 2584 964*,
845 2502 942 2586 1094,
963 2502 1061 2589 Hipp.
1084 2503 1181 2586 1423,
1203 2500 1235 2567 J.
1258 2502 1298 2566 A.
1321 2503 1409 2585 370*,

279 2614 357 2696 491,
386 2613 481 2695 875*,
512 2610 546 2676 J.
568 2609 607 2674 Τ.
628 2611 705 2694 479,
735 2612 814 2694 555,
835 2608 910 2675 Jon.
932 2610 1008 2693 320,
1038 2610 1117 2689 364,
1149 2607 1241 2696 Oykl.
1262 2609 1313 2693 89,
1334 2609 1411 2690 381,

283 2720 338 2787 Or.
360 2721 430 2804 258,
452 2719 522 2802 392,
544 2717 615 2802 662,
638 2719 734 2804 1026,
754 2717 872 2783 Troad.
896 2717 991 2800 1276,
1013 2716 1133 2780 Phoen.
1157 2715 1245 2799 1609,
1269 2716 1358 2781 1645.

823 3239 860 3326 B.

755 3443 942 3521 Verbalis.

360 3644 380 3722 ξ
405 3641 451 3706 16.
494 3640 677 3707 Verbalium
708 3637 936 3727 dependentiae
959 3641 1203 3727 compositorum
1224 3660 1295 3703 cum
1316 3643 1412 3706 multo

135 3758 137 3762 ’
278 3746 379 3831 major
399 3747 483 3833 apud
506 3746 692 3836 Euripidem
715 3769 810 3832 quam
832 3747 1036 3813 nominalium
1056 3769 1206 3812 numerus
1226 3748 1411 3831 inveniatur,

279 3876 372 3939 nunc,
402 3863 437 3918 ut
466 3854 632 3942 perspicua
660 3854 806 3941 beneque
829 3855 1004 3942 composita
1036 3855 1076 3919 sit
1098 3854 1316 3942 exemplorum
1338 3876 1409 3919 enu-
1533 3869 1534 3907 ³

279 3963 420 4046 metatio,
441 3983 499 4049 pro
520 3961 733 4028 intercedente
752 3964 834 4027 inter
853 3963 961 4050 priora
978 3961 1178 4048 secundaque
1191 3961 1333 4026 membra
1346 3982 1410 4026 rec·

350 4261 370 4331 ¹)
388 4265 485 4314 Tamen
502 4264 658 4316 Fritnsehins
675 4263 829 4332 hyphaerssi
850 4279 898 4315 sna
919 4263 1032 4330 priorem
1055 4269 1152 4330 partem
1170 4263 1299 4332 explicare
1317 4263 1409 4324 studet,

279 4351 351 4402 curt.
370 4350 441 4401 Stnd.
459 4349 504 4400 VI.
522 4366 547 4415 p.
567 4353 622 4410 185,
641 4354 671 4400 ut
688 4354 852 4426 ταλαίπωρος
868 4349 903 4402 sit
919 4366 964 4416 pro
981 4346 1184 4423 ταλαιό-πορος.

345 4441 366 4510 ⁹)
385 4443 453 4494 Cnrt
473 4442 530 4494 Gn.⁴
547 4458 571 4508 p.
591 4444 648 4494 362.
