3030 5266
745 617 962 683 -132-

290 800 403 886 quibus
433 800 483 864 vel
511 801 648 866 maxime
672 801 770 866 oratio
792 799 985 882 illustratur,
1015 800 1144 864 nomino
1165 794 1395 881 ξουθόπτερος
1416 822 1425 861 :

287 907 366 972 Ηετ.
381 907 441 971 fur.
456 909 536 974 487*
551 899 778 991 ξουθόπτερος
796 905 951 990 μέλισσας
974 905 1014 970 of.
1029 905 1091 991 frg.
1106 906 1221 988 470143
1246 943 1280 954 -
1305 927 1426 992 τετρα-

289 1005 403 1103 σκελύς
424 1039 432 1080 :
454 1014 574 1079 Phoen.
604 1015 683 1081 639*
710 1006 920 1100 τετρασκελὴς
946 1002 1086 1108 μύσχος;
1120 1011 1160 1076 de
1181 1013 1259 1076 Hor.
1282 1013 1343 1078 fur.
1369 1016 1425 1079 181

289 1122 435 1208 111873,
464 1121 502 1186 de
525 1145 553 1185 v.
578 1122 658 1186 1272
678 1123 710 1186 in
731 1125 751 1203 ξ
773 1124 813 1188 82
835 1121 918 1203 dixi3
950 1157 990 1168 -
1011 1119 1089 1184 Her.
1110 1121 1170 1184 fur.
1194 1120 1274 1186 1266
1295 1143 1428 1207 γοργω-

290 1230 375 1308 πούς
395 1225 496 1315 ύφεις.
539 1231 609 1297 Νεο
630 1231 733 1294 minus
760 1229 884 1316 poetico
905 1250 1058 1315 equorum
1080 1227 1135 1290 tali
1157 1220 1295 1313 (σφυρά)
1318 1229 1425 1292 dicun-

290 1350 340 1402 tur
361 1330 517 1423 μονόχρλα
535 1338 568 1405 J.
585 1340 623 1400 A.
642 1338 738 1420 225*;
760 1337 820 1422 ipsi
843 1346 946 1402 autem
969 1336 1040 1422 equi
1061 1327 1300 1420 τετραβάμονες
1319 1337 1426 1424 appel-

291 1446 393 1537 tantur
413 1445 463 1508 ΕΙ.
485 1445 583 1527 476*;
617 1443 656 1508 de
678 1443 797 1508 Phoen.
821 1443 901 1506 809*
931 1435 1148 1529 τετραβάμοσι
1169 1443 1287 1526 χαλαῖς
1307 1443 1429 1524 τείχεσι

289 1551 513 1638 χριμπτομένα
545 1553 623 1616 sicut
644 1551 683 1614 de
706 1550 778 1614 Hel.
799 1549 878 1615 376*
911 1549 1029 1630 λεχέων
1049 1551 1173 1632 ἐπέβας
1203 1543 1428 1638 τετραβάμοσι

289 1659 392 1744 χυύοις
406 1663 426 1742 ξ
442 1660 481 1724 76
494 1660 651 1745 inspicias.
684 1658 767 1722 Item
781 1659 841 1721 huc
857 1657 959 1722 refero
974 1656 1051 1722 Her.
1067 1658 1126 1722 fur.
1148 1658 1210 1724 419
1221 1654 1289 1722 τάν
1309 1650 1428 1745 μυριά-

289 1788 402 1852 κρανον
421 1759 502 1831 κύνα
521 1762 647 1850 Λέρνας
669 1758 786 1851 ύύρον;
811 1803 844 1813 -
868 1765 983 1830 Bacch.
1001 1767 1099 1832 1017*
1120 1761 1323 1852 πολύκρανος
1344 1758 1429 1851 δρά-

291 1897 370 1958 κων;
396 1911 428 1922 -
453 1873 532 1938 Her.
562 1875 621 1938 fur.
651 1873 747 1940 1190*
769 1864 1026 1957 ἑκατογκεφάλου
1047 1867 1165 1958 ύύρας;
1196 1897 1226 1938 v.
1248 1876 1328 1941 883*
1350 1874 1428 1940 ἑκα-

291 1973 505 2069 τογκεφάλοις
532 1976 638 2070 ὄφεων
667 1972 810 2066 ιῖχὴμασι
833 1983 867 2062 (5
895 1981 967 2065 72);
991 2020 1024 2030 -
1050 1983 1110 2068 frg.
1132 1983 1192 2048 387
1217 1975 1350 2063 ’Ἔχιδνα
1381 1979 1429 2048 ἑκ-

293 2091 515 2176 ατογκέφαλος,
538 2093 570 2155 in
592 2089 706 2176 quibus
727 2089 855 2156 modum
878 2089 1109 2176 quodammodo
1132 2112 1170 2154 eo
1194 2092 1324 2155 oonsilio
1346 2111 1430 2176 poe-

292 2210 356 2263 tam
379 2201 553 2264 excessisse
576 2196 728 2278 videmus,
749 2209 784 2260 ut
805 2220 899 2284 quam
921 2199 1177 2262 immanissimam
1192 2199 1289 2262 oculis
1312 2219 1429 2284 propo·

291 2317 347 2370 nat
376 2315 592 2392 portentorum
628 2305 779 2388 formam3
812 2328 948 2393 namque
980 2307 1119 2371 numeris
1151 2307 1289 2392 aliquam
1323 2307 1356 2368 in
1379 2305 1430 2368 his

292 2416 386 2478 fidem
408 2414 526 2478 habere
547 2413 686 2498 ineptum
710 2411 879 2478 videretur.
904 2451 938 2461 -
964 2413 1061 2500 Apud
1076 2413 1253 2478 Homerum
1275 2415 1328 2495 (B.
1351 2413 1430 2495 649)

288 2522 356 2608 jam
378 2520 493 2587 Cretae
525 2519 644 2584 insulae
676 2519 836 2605 epitheton
866 2530 914 2584 est
934 2513 1171 2602 ἑκατόμπολις,
1202 2520 1289 2606 quod
1321 2529 1432 2583 noster

291 2630 428 2692 imitatur
450 2629 510 2713 frg.
532 2627 647 2702 4752)ss
661 2621 985 2716 ἓκατομπτολίεθρος
1009 2620 1134 2716 Κρήτῃ
1157 2630 1196 2692 ab
1211 2629 1263 2693 illo
1275 2630 1299 2714 ¹)
1322 2638 1431 2692 autem

293 2746 453 2799 mutuatus
485 2745 532 2799 est
568 2734 751 2799 Thebarum
784 2737 1045 2822 significationem
1066 2725 1255 2811 ἑπτάπολος
1275 2758 1283 2799 :
1306 2735 1431 2799 Phoen.

293 2843 331 2906 79
345 2836 518 2908 ἑπτάπυλα
535 2839 622 2927 τεύχη
635 2830 713 2906 τάδε
732 2842 772 2906 of.
787 2841 865 2907 Her.
881 2843 940 2907 fur.
958 2844 1013 2928 (28
1028 2847 1048 2926 ξ
1063 2844 1083 2908 2
1096 2867 1127 2931 p.
1142 2843 1186 2930 9).
1211 2881 1245 2891 -
1272 2841 1432 2929 Spuman-

292 2959 339 3012 tes
360 2950 473 3014 fluctus
492 2974 511 3014 a
530 2952 620 3015 litore
643 2949 736 3014 fracti
758 2951 839 3014 bene
862 2949 1074 3038 depinguntur
1097 2952 1152 3017 Or.
1174 2951 1255 3016 992*
1276 2939 1433 3014 λευκοκύ-

290 3078 386 3138 μοσιν
415 3055 498 3144 πρὸς
529 3057 738 3143 Γεραιστίαις
768 3048 874 3144 poam
905 3059 980 3122 item
1005 3058 1228 3146 descriptivum
1252 3067 1300 3122 est
1321 3049 1432 3122 πολύ-

293 3189 412 3248 πτυχος
441 3156 556 3251 (πτύξ)
578 3191 584 3230 :
610 3165 644 3233 J.
677 3166 715 3231 Τ.
747 3167 825 3231 677*
857 3165 1011 3232 &maalon
1043 3165 1076 3230 ἐν
1106 3158 1302 3250 πολυπτύχῳ
1333 3168 1435 3247 χθονί

291 3295 425 3360 quocum
446 3275 617 3339 Homerica
650 3276 797 3340 conferas
829 3267 1039 3356 πολυπτύχου
1062 3266 1233 3354 Ὀλύμποιο
1264 3275 1319 3358 (Θ.
1343 3273 1433 3359 411),

283 3381 368 3466 Ἴδης
388 3376 420 3444 ἐν
443 3385 589 3469 κνημοῖσι
612 3376 822 3465 πολυπτύχου
833 3385 889 3467 (Q).
906 3385 981 3468 449)
1010 3421 1051 3432 -
1074 3395 1105 3448 et
1126 3373 1319 3468 λευκοφαὴς,
1343 3383 1432 3469 quod

293 3489 331 3552 do
353 3512 450 3555 arena
471 3492 592 3554 marina
612 3491 811 3576 praedicatur
832 3515 839 3555 ι
861 3490 893 3557 J.
911 3491 951 3557 A.
978 3491 1076 3557 1054*
1099 3487 1264 3577 λευκοφαῆ
1286 3482 1432 3578 ψάμμα-

293 3602 363 3661 οον.
385 3636 426 3645 -
446 3595 587 3661 Filorum
617 3598 800 3683 multitudo,
833 3621 850 3663 e
882 3599 995 3684 quibus
1034 3599 1116 3662 telae
1151 3607 1316 3662 contextae
1349 3608 1433 3682 sunt,

293 3705 389 3792 oculis
422 3705 572 3770 subicitur
602 3705 651 3768 ΕΙ.
675 3708 731 3769 191
755 3697 926 3791 πολύπηκα
948 3695 1069 3790 φάρεα.
1098 3743 1130 3751 -
1155 3702 1259 3769 Jaculi
1292 3705 1434 3792 denique

293 3813 397 3897 imago
420 3815 522 3898 magis
543 3813 749 3877 adumbratur
779 3813 885 3878 addito
917 3813 1056 3900 epitheto
1090 3813 1186 3878 Rhea.
1218 3812 1298 3876 374*
1334 3812 1435 3894 ύλβο-
1511 3899 1512 3904 ¹

294 3919 347 3982 λον
368 3914 476 4007 (βολὴ)
500 3915 616 3986 άκοντα
637 3913 780 3986 πάλλων.
857 3962 859 3966 .
1511 3905 1512 3908 Ἴ

375 4030 395 4109 ξ
416 4028 466 4092 64.
510 4009 672 4115 Seqnntur
694 4028 843 4114 epitheta,
865 4030 898 4091 in
914 4029 1028 4114 quibus
1043 4029 1234 4115 praepositio
1249 4027 1302 4092 val
1316 4025 1432 4093 adver·

293 4133 379 4199 bium
388 4136 559 4222 praecedit.
571 4137 620 4200 Ao
632 4137 879 4223 praepositiones
888 4134 1016 4221 quidem
1029 4137 1263 4222 conspiciuntur
1272 4136 1320 4199 his
1333 4137 1413 4202 locis
1426 4161 1434 4202 ε

293 4345 489 4356 —-—..

363 4484 624 4552 tamam
