3072 5278
756 589 954 654 -24...

840 821 876 904 Β.

756 999 945 1079 Verbalis

371 1181 391 1258 ξ
413 1177 441 1240 7.
483 1177 574 1240 Inter
594 1175 766 1240 nominalie
788 1184 818 1239 et
833 1173 973 1239 verbalia
984 1171 1123 1260 epitheta
1144 1171 1237 1258 quale
1259 1171 1427 1236 discrimen
1527 1223 1528 1226 ,

287 1284 462 1351 intercedat
483 1285 553 1370 jam
582 1285 614 1346 in
637 1287 656 1364 ξ
677 1285 698 1348 3
724 1283 941 1370 exposuimus,
973 1281 1027 1345 ubi
1049 1280 1088 1345 de
1110 1280 1176 1344 sola
1198 1279 1426 1364 significatione
1527 1301 1528 1310 ¹

288 1392 366 1456 illud
386 1392 492 1456 valere
514 1390 718 1455 ostendimus.
762 1388 828 1456 Sed
850 1411 948 1454 unum
970 1398 1034 1471 eat,
1056 1387 1147 1473 cujus
1169 1408 1295 1472 semper
1316 1385 1376 1450 hac
1396 1387 1427 1448 in

288 1522 323 1564 re
345 1500 497 1564 rationem
526 1497 643 1563 habere
665 1496 834 1581 debemus3
867 1497 972 1582 agitur
993 1499 1077 1561 enim
1106 1498 1145 1562 de
1166 1496 1352 1562 suffixorum
1374 1516 1427 1557 na·

289 1617 368 1688 tura,
392 1629 525 1694 quorum
549 1604 665 1690 auxilio
688 1604 827 1671 secunda
842 1603 986 1669 membra
1006 1605 1143 1670 formata
1164 1613 1245 1670 sunt.
1290 1603 1375 1670 Nam
1397 1600 1429 1664 in

289 1715 348 1778 hac
370 1713 436 1778 sola
458 1713 623 1778 discrimen
646 1713 722 1778 illud
744 1713 881 1799 positum
904 1723 968 1791 est,
990 1723 1025 1778 ut
1046 1713 1086 1778 ab
1108 1714 1168 1777 hac
1190 1713 1316 1799 quidem
1339 1717 1430 1797 parte

290 1821 383 1886 etiam
406 1820 446 1885 ad
468 1822 690 1887 formationem
706 1820 918 1886 differentiam
937 1822 1021 1886 illam
1042 1823 1201 1908 pertinere
1217 1823 1242 1886 si
1265 1821 1335 1908 quis
1357 1841 1430 1882 con-

289 1930 435 2012 tenderit,
459 1929 605 2017 equidem
626 1929 703 1993 nihil
726 1939 810 1994 certe
841 1929 869 1992 ei
890 1931 1069 1994 restiterim.
1113 1928 1209 1994 Notio
1231 1937 1336 1992 autem
1359 1949 1430 1991 ver·
1527 1945 1528 1958 ²

290 2036 370 2102 belis
391 2039 424 2101 in
446 2040 558 2124 quovis
590 2037 706 2102 suffixo
739 2058 943 2124 nequequam
958 2039 1078 2124 pariter
1090 2038 1194 2101 inesse
1216 2037 1311 2119 solet3
1332 2037 1430 2099 immo

289 2145 350 2209 trie
371 2154 492 2210 tantum
512 2144 573 2208 hoc
603 2146 636 2207 in
664 2166 783 2231 genere
805 2145 942 2208 maxime
964 2144 1195 2208 consideranda
1213 2153 1311 2207 sunt:
1340 2167 1431 2226 u=o‚

290 2267 424 2330 to=ro,
443 2275 496 2340 οη,
519 2272 650 2326 αοεες.
692 2251 753 2316 His
774 2274 877 2338 pauca
898 2251 1060 2334 accedunt,
1082 2253 1169 2316 velut
1190 2273 1228 2316 ιο
1249 2273 1336 2334 coo,
1359 2270 1431 2332 οιο,

290 2361 404 2448 quibus
426 2361 499 2425 item
522 2359 662 2425 verbalis
686 2381 796 2424 sensus
824 2360 962 2446 epitheto
983 2381 1212 2446 nonnunquam
1233 2358 1365 2422 formari
1388 2360 1433 2421 vi·
1527 2385 1528 2392 ο

291 2469 410 2534 demus.
453 2467 524 2531 Nec
545 2477 650 2533 tamen
672 2489 780 2532 meum
800 2477 865 2551 est,
887 2469 1063 2533 accuratius
1084 2468 1117 2530 in
1138 2466 1219 2530 hanc
1240 2489 1309 2531 rem
1329 2466 1432 2553 inqui·
1527 2529 1528 2552 χ

289 2599 369 2660 rere,
392 2577 578 2664 praesertim
600 2598 671 2639 cum
696 2576 874 2639 acutissime
893 2575 961 2661 jam
978 2573 1016 2640 de
1033 2596 1071 2639 ea
1086 2574 1258 2641 Olemmius
1281 2575 1386 2660 egerit
1397 2574 1432 2659 ¹),
1527 2587 1528 2606 ¹

291 2684 380 2770 cujus
413 2685 603 2748 sententiam
627 2705 756 2770 prorsus
778 2683 961 2770 amplector.
1004 2681 1113 2760 Quare
1142 2703 1227 2745 nunc
1262 2680 1302 2745 ad
1325 2704 1432 2746 exem·
1527 2677 1528 2688 ¹

291 2792 416 2880 plorum
439 2793 708 2857 enumerationem
731 2792 949 2877 procedamus,
971 2793 1015 2856 ita
1031 2790 1168 2877 quidem,
1190 2798 1225 2853 ut
1245 2812 1303 2876 pro
1325 2791 1432 2876 singu·
1527 2823 1528 2834 ¹

291 2900 329 2963 lis
352 2898 474 2964 suffixis
495 2901 527 2962 in
549 2899 674 2984 singula
696 2900 824 2983 agmina
845 2899 983 2985 epitheta
1005 2898 1237 2962 distribuamus.

349 3137 369 3216 ἓ
391 3137 419 3200 8.
443 3131 635 3198 Secunda
656 3131 835 3197 membra
855 3132 1012 3198 suffixo
1034 3154 1052 3196 o
1072 3132 1249 3198 formata
1271 3141 1378 3197 sunt.

497 3269 523 3331 1.
566 3265 792 3332 Ροααοαᾶοαοία
811 3267 948 3332 membro
968 3280 1042 3331 aaut
1062 3265 1231 3354 adjectivo.

379 3389 551 3486 αἰνόγαμος
584 3401 761 3486 infeliciter
782 3403 970 3489 conjuyatuo
992 3423 999 3464 τ
1021 3400 1101 3465 Heo.
1127 3401 1223 3465 1120·
1245 3385 1356 3483 Πάρις
1388 3395 1435 3462 οἰ-

294 3500 437 3592 νόγαμος.
458 3547 499 3556 -
521 3501 698 3594 αιόουργὸς
719 3499 935 3595 (αότοῖεργός)
959 3534 966 3574 :
990 3510 1046 3577 Or.
1069 3511 1130 3574 920
1151 3503 1333 3591 αὐτουργός
1355 3499 1434 3595 ἁνήρ

295 3619 315 3680 i.
338 3637 364 3680 e.
389 3617 477 3682 homo
496 3619 637 3705 propria
658 3642 755 3682 manu
785 3619 949 3694 loborans,
976 3619 1129 3707 oqricoia.
1156 3655 1189 3664 -
1212 3608 1404 3691 αὐτοκτόνος
1426 3639 1434 3680 :

295 3724 380 3788 Med.
405 3725 502 3789 1254*
522 3724 643 3802 τέκνοις
663 3726 865 3811 προσβαλεῖν
892 3725 972 3811 χέρα
995 3717 1201 3802 auronum
1230 3725 1274 3789 sic
1295 3724 1427 3810 appella·

295 3841 355 3912 tur,
377 3833 480 3918 inquit
493 3832 659 3917 Pflngkius
672 3835 708 3917 ²),
730 3856 851 3917 manus,
867 3834 953 3920 quod
969 3857 1006 3908 ea
1020 3833 1135 3898 Medea
1148 3855 1222 3897 suos
1234 3833 1303 3919 ipsa
1317 3831 1433 3895 liberos

295 3937 491 4005 trucidatore
525 3951 600 4006 eret.
626 3977 660 3988 -
685 3933 840 4028 ἦδολὸγος
880 3943 1019 4008 suaviter
1052 3943 1178 4029 loquens
1200 3965 1207 4004 :
1233 3940 1313 4005 Hec.
1359 3939 1434 4003 132*

296 4038 452 4132 ἡδυλόγος
473 4045 574 4125 κοάις
595 4050 752 4136 (Ulixes);
786 4060 924 4116 ceterum
946 4051 1007 4114 hoc
1028 4051 1189 4136 epitheton
1212 4049 1307 4112 etiam
1330 4068 1433 4112 exem-

296 4234 492 4248 ᾖξ-

367 4367 386 4433 ¹)
406 4370 475 4420 curt.
494 4371 565 4421 Stnd.
583 4370 640 4422 VII.
657 4386 682 4436 p.
700 4373 733 4422 68
751 4386 806 4437 squ.

296 4529 301 4551 ι
365 4462 388 4534 ’)
406 4463 463 4546 al.
