3072 5278
759 598 940 662 „4-

283 775 358 840 tiam
379 776 493 842 fundat
513 767 677 864 βοὺθοτος
707 773 812 860 ἁμέρα
842 799 900 864 pro
930 770 1051 863 ἁμέρα,
1073 765 1094 862 ᾗ
1114 765 1250 842 θύονται
1269 767 1363 858 βόες,
1384 783 1415 840 et

284 876 482 968 δακρύρροος
503 876 607 950 oidorri
629 907 687 971 pro
702 884 830 950 πολλῶν
850 876 995 968 δακρύων
1016 875 1138 967 οἷοονά,
1161 885 1211 948 vel
1233 906 1326 971 quam
1342 885 1412 948 arti-

283 993 389 1058 ficiose
404 993 564 1078 epitheton
578 995 701 1058 traiciat
720 995 753 1058 in
769 989 1009 1077 ἑκατογκέφαλα
1030 982 1140 1078 ὄφεων
1160 982 1325 1078 ἰαχήματα
1346 993 1367 1054 i.
1388 1011 1414 1054 e.

284 1092 551 1186 ἑκατογκεφάλων
572 1094 681 1182 ὄφεων
701 1091 872 1187 ἶαχὴματα.
914 1101 995 1166 Item
1017 1124 1036 1165 a
1057 1101 1180 1186 vulgari
1212 1099 1337 1166 dicendi
1358 1121 1417 1164 usu

283 1207 402 1272 recedit
427 1196 587 1288 βούθυτον
619 1207 826 1295 προοτροπαί
857 1238 896 1266 =
926 1231 1037 1295 preces
1077 1208 1180 1272 multis
1216 1230 1287 1272 cum
1321 1207 1417 1272 sacris

284 1327 440 1404 peractae.

367 1425 418 1490 Ab
439 1425 488 1488 bis
510 1424 606 1509 igitur
626 1425 784 1510 profectus
806 1425 850 1488 ita
872 1445 940 1487 rem
964 1424 1093 1506 institui,
1116 1424 1196 1488 utin
1217 1425 1323 1510 priore
1338 1425 1416 1488 libro

286 1533 422 1619 epitheta
454 1541 623 1596 tractarem
658 1533 724 1596 sine
746 1531 808 1595 ulla
829 1531 954 1596 dicendi
974 1531 1106 1595 audacia
1127 1531 1331 1596 substantivis
1354 1531 1417 1596 suis

286 1638 400 1718 addita,
421 1641 453 1702 in
477 1640 574 1704 altero
596 1648 702 1702 autem
724 1637 762 1702 da
784 1639 828 1702 eis
847 1659 985 1723 agarem,
1009 1660 1142 1724 quorum
1164 1647 1213 1702 est
1233 1637 1417 1702 artificiosis·

285 1748 373 1828 aima,
395 1747 420 1810 si
443 1769 569 1813 sensum
591 1755 725 1833 spectas,
748 1768 818 1810 oum
833 1746 1035 1810 substantivis
1050 1745 1228 1832 conjunctio
1245 1745 1417 1832 eademque

286 1857 483 1919 acommuni
515 1854 641 1942 quidem
674 1854 861 1940 simplicium
893 1877 952 1918 usu
984 1854 1119 1918 maxime
1149 1863 1280 1918 remota.
1334 1853 1417 1918 Nam

286 1961 371 2047 quod
392 1962 545 2048 simplicia
566 1983 691 2048 quoquc
705 1983 934 2048 nonnunquam
955 1971 1022 2026 arte
1038 1960 1172 2048 quadam
1189 1983 1259 2024 cum
1276 1961 1417 2026 substan·

285 2070 356 2134 tivis
370 2070 564 2157 copulantur,
586 2069 646 2133 hoc
660 2069 787 2133 minime
803 2093 853 2134 me
876 2069 958 2154 fugit
978 2071 1032 2152 (ef.
1047 2061 1192 2150 νόστιμον
1212 2056 1297 2154 ἦμαρ
1323 2069 1418 2134 Hom.

287 2201 308 2242 α
333 2179 370 2261 9,
402 2179 516 2264 Aesch.
546 2177 634 2264 Sept.
658 2178 716 2259 74,
745 2178 778 2244 J.
801 2177 840 2242 T.
863 2179 918 2262 72,
939 2176 1044 2262 θῆλυν
1073 2169 1168 2262 φόνον
1202 2177 1319 2242 Bacch.
1350 2179 1419 2261 795,

286 2283 435 2368 χλοεραῖς
480 2282 630 2367 λείμακος
676 2281 809 2369 ἡδοναῖς
859 2285 973 2352 Bacch.
1021 2287 1100 2369 866,
1134 2280 1227 2369 ὄγκον
1267 2274 1421 2364 ὀνόματος

285 2394 432 2478 μητρῷον
453 2395 472 2456 i.
488 2417 515 2458 e.
540 2385 705 2480 μητρῴου)
718 2391 818 2480 Sopb.
830 2393 945 2458 Tracb.
958 2393 1028 2476 818,
1041 2393 1097 2458 sed
1111 2394 1209 2458 multo
1221 2393 1323 2480 magia
1335 2403 1421 2457 certe

287 2503 415 2587 propria
436 2510 484 2566 est
503 2502 573 2565 talis
596 2501 720 2566 dicendi
741 2501 872 2566 audacia
894 2504 1146 2588 compositorum,
1168 2510 1204 2565 ut
1225 2501 1419 2588 simplicibus

283 2609 364 2674 -haec
384 2630 449 2672 non
470 2609 583 2695 injuria
603 2608 835 2694 quodammodo
868 2609 1052 2696 opposuisse
1075 2607 1246 2674 videamur.

369 2715 458 2780 Haec
470 2715 508 2780 de
519 2738 578 2779 usu
589 2716 797 2802 epithetorum
808 2717 841 2780 in
850 2716 1104 2802 universumjam
1117 2715 1291 2797 sufficiant,
1315 2723 1423 2797 restat,

286 2831 321 2887 ut
342 2846 443 2910 pauca
457 2823 569 2888 addam
587 2822 626 2887 da
647 2823 845 2888 formatione.
874 2825 924 2888 Ac
944 2824 1037 2910 hujus
1053 2823 1224 2910 quidemin
1244 2825 1349 2910 priore
1372 2845 1420 2886 so·

286 2930 352 2993 lnm
373 2930 451 2994 libro
473 2933 629 2994 rationem
649 2930 760 3014 habui,
782 2941 911 3019 propter
932 2932 1149 3018 exemplorum
1179 2930 1299 2996 scilicet
1318 2932 1351 2994 in
1372 2953 1424 2994 sa-

288 3036 391 3102 cundo
423 3037 684 3124 proferendorum
715 3047 843 3104 tenuem
875 3048 907 3104 et
939 3041 1088 3125 exiguum
1122 3060 1197 3126 prae
1226 3039 1307 3102 illius
1327 3037 1423 3102 turba

288 3167 461 3210 numerum.
511 3147 683 3230 Attamen,
714 3155 750 3212 ut
780 3146 820 3211 ab
864 3147 948 3212 omni
978 3156 1068 3233 parte
1089 3147 1209 3212 formae
1242 3145 1421 3223 satisfieret,

289 3252 415 3318 alterins
445 3253 517 3317 libri
548 3252 754 3340 epithetorum
786 3277 860 3340 pars
889 3255 956 3319 fare
977 3256 1115 3319 maxima
1140 3255 1294 3339 quoniam
1327 3255 1422 3319 etiam

289 3362 357 3424 aliis
379 3360 456 3424 locis
477 3363 545 3425 sine
566 3360 696 3426 audacia
717 3371 884 3448 usurpatur
905 3385 969 3427 non
999 3363 1058 3428 abs
1079 3368 1122 3427 're
1152 3355 1220 3426 fore
1252 3362 1424 3428 arbitratus

290 3490 359 3531 sum
381 3457 485 3534 oblata
506 3489 630 3554 semper
652 3470 815 3536 occasione
832 3470 901 3556 jam
928 3472 960 3534 in
982 3473 1087 3558 priore
1109 3470 1188 3535 libro
1205 3470 1246 3534 ad
1259 3492 1313 3535 eos
1335 3471 1423 3536 locos

291 3577 428 3640 animum
442 3576 635 3658 advertere,
656 3579 933 3664 quosaccuratius
953 3588 1064 3665 postea
1087 3579 1212 3642 demum
1232 3587 1423 3643 mactaturus

291 3705 359 3748 sum
380 3683 412 3748 in
432 3684 512 3750 libro
533 3684 680 3750 secundo.
712 3743 714 3750 ,
1024 3681 1030 3694 ’
1166 3755 1169 3766 ,
1197 3755 1201 3764 ,

371 3790 435 3854 Per
457 3814 490 3856 so
511 3799 598 3878 patet
618 3792 659 3855 ad
689 3792 772 3856 hanc
800 3793 926 3880 quidem
961 3796 1177 3881 quaestionem
1206 3793 1284 3858 nibil
1304 3792 1423 3876 valere,

185 3912 192 3930 ·
290 3907 395 3962 utrum
426 3899 576 3963 attributa
608 3901 671 3964 sint
692 3900 849 3986 epitheta,
882 3925 923 3966 an
944 3901 1125 3989 praedicata
1158 3902 1208 3966 vel
1229 3899 1422 3988 praedicata,

291 4026 372 4091 quae
393 4014 565 4088 vocantur,
587 4006 731 4092 obliqua3
754 4030 850 4094 qnare
872 4008 966 4094 hujus
988 4009 1174 4073 discriminis
1195 4030 1258 4072 non
1279 4017 1343 4090 est,
1366 4030 1423 4074 cur

273 4112 443 4176 rationem
465 4112 646 4178 habeamus.
688 4114 820 4200 Majoris
835 4117 985 4180 momenti
1008 4137 1077 4180 esse
1098 4116 1264 4180 videbatur
1278 4137 1316 4180 ea
1337 4137 1422 4180 com·

292 4221 411 4305 posita,
434 4241 514 4306 quae
536 4222 569 4285 in
591 4221 782 4286 carminibus
803 4223 908 4310 lyricis
929 4224 1077 4310 leguntur
1098 4247 1117 4288 a
1138 4223 1249 4289 ceteris
1271 4224 1421 4290 asterisco

294 4348 466 4410 secernere,
489 4328 561 4415 quia
582 4329 637 4394 illa
656 4328 803 4394 audacius
826 4331 969 4418 usurpari
991 4331 1102 4396 solent.
1252 4321 1253 4326 ¹
