3076 5294
682 673 904 740 -1t0-

379 849 591 938 τετρασκελές
611 845 803 940 θ’ύβριομα,
826 848 1021 941 Κενταύρων
1041 855 1136 940 γένος,

382 952 506 1047 Φολόην
527 957 688 1040 ἐπελθών,
709 952 736 1026 ὦ
755 955 884 1027 κάκιστε
903 962 1073 1047 βασιλέοιν,

382 1067 460 1153 ἐροῦ
479 1067 536 1136 τίν’
557 1059 649 1158 ἄνδρ’
668 1064 802 1156 ύίριστον
823 1066 1001 1158 ἐγκρίναιεν
1021 1064 1060 1136 ύν

382 1165 463 1260 ἢσύ
483 1177 591 1242 παῖδα
612 1173 664 1242 cdv
684 1169 768 1262 ἐμόν,
789 1171 824 1242 ὃν
843 1169 886 1244 σύ
906 1185 972 1265 φῆς
984 1169 1075 1244 είναι
1096 1177 1209 1243 δοκεῖν.

315 1281 406 1347 Haec
431 1285 527 1369 igitur
556 1284 616 1348 nisi
638 1293 776 1350 exstaret
802 1285 878 1349 illud
903 1287 992 1371 γένος
1012 1296 1118 1350 essent
1154 1308 1229 1350 saue
1253 1284 1372 1371 simpli-

236 1390 369 1454 cissima.
425 1389 510 1454 Nam
550 1384 742 1477 Κενταύρων
763 1384 910 1478 ὕβρισμα
940 1392 1172 1481 quodammodo
1207 1393 1370 1478 periphra-

240 1499 317 1561 sticc
366 1498 484 1562 dictum
535 1520 605 1563 esse
657 1499 858 1566 statuendum
901 1510 986 1567 esset
1039 1523 1098 1587 pro
1152 1496 1373 1583 Κενταύρους,

234 1606 278 1669 ita
298 1614 423 1688 tumen,
454 1613 490 1670 ut
520 1607 656 1694 superba
677 1616 710 1673 et
731 1618 821 1673 atrox
843 1608 1076 1676 Centaurorum
1098 1617 1210 1673 natura
1231 1607 1292 1672 hac
1314 1609 1371 1670 cir-

235 1712 464 1776 cumlocutione
509 1735 572 1778 non
604 1714 696 1779 aliter
733 1715 1031 1802 subintellegoretur
1063 1725 1158 1802 atque
1186 1717 1220 1780 in
1248 1710 1375 1800 α’νδρῶν

235 1819 386 1904 Φεραίων
401 1818 567 1906 παρουσία
580 1822 650 1886 Alc.
667 1823 729 1888 606
749 1822 807 1887 hos
828 1825 913 1910 visos
929 1817 1044 1887 coram
1061 1823 1172 1887 adesse
1197 1823 1373 1909 periphrasi

234 1929 364 2014 insuper
408 1927 566 1993 iudicatur
602 1928 657 2013 (cf.
696 1921 719 2012 ’ὅ
755 1931 829 2014 72);
875 1940 1039 2016 praeterea
1082 1928 1295 2017 τετρασκελές
1340 1939 1375 1995 ut

235 2035 304 2100 Alc.
331 2035 392 2102 606
430 2025 563 2121 εύμενὴς
596 2037 763 2122 trajectum
799 2059 870 2102 esse
902 2037 1095 2102 credendum
1132 2047 1222 2102 esset.
1278 2038 1375 2103 Nunc

238 2165 314 2208 vero
339 2143 470 2208 utillud
503 2142 594 2227 γένος
616 2146 808 2231 explicemus
831 2145 987 2232 duplicem
1011 2145 1211 2233 periphrasin
1233 2155 1374 2211 statuere

237 2251 387 2336 cogimur.
428 2251 511 2317 Puto
534 2253 631 2339 igitur
653 2253 918 2340 Amphitryonem
944 2256 1100 2320 concitate
1120 2255 1170 2318 hic
1190 2255 1373 2340 loquentem

239 2359 375 2444 primum
407 2381 478 2424 cum
517 2350 662 2445 ὕβρισμα
706 2363 889 2447 genetivum
926 2351 1119 2449 Κενταύρων
1161 2362 1375 2446 conjunxisse,

174 2527 177 2532 .
242 2466 355 2530 deiude
376 2476 482 2532 autem
514 2468 655 2554 primarii
693 2469 828 2533 nominis
857 2469 926 2555 jam
958 2469 1088 2534 oblitum
1124 2470 1255 2556 insuper
1285 2469 1376 2554 γένος

241 2573 401 2640 addidisse
414 2575 449 2658 ¹).

319 2682 459 2747 Alterius
482 2683 543 2747 loci
564 2683 664 2747 verba
685 2691 812 2748 exstant
834 2683 932 2748 Rhea.
954 2685 1034 2750 360*
1058 2705 1125 2769 squ.
1148 2706 1155 2746 :

385 2782 453 2874 οίραί
473 2787 545 2855 ποτ’
566 2783 669 2866 αὖθις
688 2787 710 2855 ci
729 2785 855 2856 isciaco?

387 2896 490 2984 Τροία
509 2893 583 2975 τούς
604 2893 774 2985 προπότας
794 2890 1035 2986 παναμερεύσει

385 2997 524 3082 θιάσους
545 3000 673 3092 ἐριύιων

390 3113 554 3202 ψαλμοῖσι
576 3115 631 3181 καί
653 3112 790 3181 κυλίκων
810 3107 1051 3212 οἰναπλαυύιοις

386 3217 568 3302 ἐπιδεξίως
589 3217 762 3306 ciuilium
826 3197 914 3220 ⁸*—
1294 3311 1296 3317 Ι

239 3329 292 3393 uhi
314 3330 416 3415 primo
447 3330 557 3396 obtutu
591 3331 782 3396 offendimur
803 3331 970 3396 verborum
994 3331 1216 3416 conjunctione
1230 3327 1378 3394 -κυίίκων

238 3428 487 3524 σίνοπλανὴτοις
517 3439 697 3521 ἐπιδεξίοις
731 3436 893 3521 σίμίίίαις.
948 3439 1033 3520 Quid
1065 3440 1149 3519 enim
1181 3439 1239 3502 sihi
1269 3438 1379 3502 volunt

239 3549 313 3613 cino
335 3549 562 3614 montionem
583 3549 775 3634 sucipientis
793 3548 978 3635 poculortcm
999 3547 1199 3613 certamina?
1218 3545 1285 3613 Sed
1306 3565 1379 3608 con-

241 3677 330 3721 cessa
349 3655 480 3742 epitheti
501 3656 689 3743 trajectione
711 3657 817 3721 omnia
837 3656 918 3720 bene
934 3641 1131 3743 procedunt,¹
1142 3652 1237 3718 modo
1251 3675 1293 3718 ne
1308 3675 1379 3717 cum

240 3763 398 3828 nonnullis
432 3764 660 3830 recentioribus
696 3764 882 3828 scholiastae
924 3763 1166 3850 explicationem
1206 3761 1379 3846 sequaris:

243 3861 482 3958 οίνοπλακήτοις
502 3876 573 3948 τοῖς
594 3868 650 3938 διαὶ
671 3872 730 3936 τού
747 3870 836 3937 otico
855 3862 1083 3957 παρανούσαις
1102 3861 1154 3934 τόν
1174 3873 1262 3952 νοῦν;
1284 3868 1380 3932 immo

242 3970 469 4064 οἰνοπλύνητος
499 3990 546 4044 cst
575 3979 609 4044 ἐν
640 3978 721 4060 οίνῳ
753 3979 881 4042 πλανῶν
903 3978 958 4063 (ef.
982 3979 1038 4042 Ar.
1061 3977 1137 4064 Lys.
1174 3976 1253 4041 1227
1283 3969 1383 4062 ἡμαΐς

128 4153 134 4179 ·‚
241 4085 270 4149 δ’
299 4080 332 4149 ἐν
361 4077 437 4172 οίνῳ
467 4079 631 4168 ξυμπόται
661 4075 861 4172 σοφωτάτω)
884 4108 892 4150 t
915 4085 1028 4150 Totius
1058 4085 1156 4169 igitur
1177 4085 1238 4148 loci
1271 4105 1381 4162 seusus

246 4301 441 4310 --—-—--·-

308 4440 327 4504 1)
346 4439 506 4507 Hartungius
532 4442 610 4492 vertit
628 4459 635 4491 ι
655 4441 721 4506 ,μηδ
737 4443 809 4509 [rope
825 4441 868 4494 δεκ
894 4443 1038 4494 Centaurea
1055 4439 1211 4506 τίετξιίξιίρσι
1224 4437 1384 4500 Troianam,

238 4528 279 4580 ihr
298 4528 465 4582 Gcschlccw.
